%YAML 1.1
%TAG !u! tag:unity3d.com,2011:
--- !u!1 &7538660765343190651
GameObject:
  m_ObjectHideFlags: 0
  m_CorrespondingSourceObject: {fileID: 0}
  m_PrefabInstance: {fileID: 0}
  m_PrefabAsset: {fileID: 0}
  serializedVersion: 6
  m_Component:
  - component: {fileID: 7538660765343190650}
  m_Layer: 0
  m_Name: CheckPoint 1
  m_TagString: Untagged
  m_Icon: {fileID: 0}
  m_NavMeshLayer: 0
  m_StaticEditorFlags: 0
  m_IsActive: 1
--- !u!4 &7538660765343190650
Transform:
  m_ObjectHideFlags: 0
  m_CorrespondingSourceObject: {fileID: 0}
  m_PrefabInstance: {fileID: 0}
  m_PrefabAsset: {fileID: 0}
  m_GameObject: {fileID: 7538660765343190651}
  m_LocalRotation: {x: 0, y: 0, z: 0, w: 1}
  m_LocalPosition: {x: -10, y: 0, z: 22.2}
  m_LocalScale: {x: 0.59929013, y: 0.59929, z: 0.59929013}
  m_Children:
  - {fileID: 7538660765346571542}
  - {fileID: 4428241266848992467}
  m_Father: {fileID: 0}
  m_RootOrder: 0
  m_LocalEulerAnglesHint: {x: 0, y: 0, z: 0}
--- !u!1001 &4428241266894388052
PrefabInstance:
  m_ObjectHideFlags: 0
  serializedVersion: 2
  m_Modification:
    m_TransformParent: {fileID: 7538660765343190650}
    m_Modifications:
    - target: {fileID: 6191026711608368707, guid: 99fcb978cd750b646a6d1023f9db37dd,
        type: 3}
      propertyPath: m_Name
      value: 3Barrels
      objectReference: {fileID: 0}
    - target: {fileID: 6191026711608368706, guid: 99fcb978cd750b646a6d1023f9db37dd,
        type: 3}
      propertyPath: m_LocalPosition.x
      value: 100
      objectReference: {fileID: 0}
    - target: {fileID: 6191026711608368706, guid: 99fcb978cd750b646a6d1023f9db37dd,
        type: 3}
      propertyPath: m_LocalPosition.y
      value: 0
      objectReference: {fileID: 0}
    - target: {fileID: 6191026711608368706, guid: 99fcb978cd750b646a6d1023f9db37dd,
        type: 3}
      propertyPath: m_LocalPosition.z
      value: 0
      objectReference: {fileID: 0}
    - target: {fileID: 6191026711608368706, guid: 99fcb978cd750b646a6d1023f9db37dd,
        type: 3}
      propertyPath: m_LocalRotation.x
      value: -0
      objectReference: {fileID: 0}
    - target: {fileID: 6191026711608368706, guid: 99fcb978cd750b646a6d1023f9db37dd,
        type: 3}
      propertyPath: m_LocalRotation.y
      value: -0
      objectReference: {fileID: 0}
    - target: {fileID: 6191026711608368706, guid: 99fcb978cd750b646a6d1023f9db37dd,
        type: 3}
      propertyPath: m_LocalRotation.z
      value: -0
      objectReference: {fileID: 0}
    - target: {fileID: 6191026711608368706, guid: 99fcb978cd750b646a6d1023f9db37dd,
        type: 3}
      propertyPath: m_LocalRotation.w
      value: 1
      objectReference: {fileID: 0}
    - target: {fileID: 6191026711608368706, guid: 99fcb978cd750b646a6d1023f9db37dd,
        type: 3}
      propertyPath: m_RootOrder
      value: 0
      objectReference: {fileID: 0}
    - target: {fileID: 6191026711608368706, guid: 99fcb978cd750b646a6d1023f9db37dd,
        type: 3}
      propertyPath: m_LocalEulerAnglesHint.x
      value: 0
      objectReference: {fileID: 0}
    - target: {fileID: 6191026711608368706, guid: 99fcb978cd750b646a6d1023f9db37dd,
        type: 3}
      propertyPath: m_LocalEulerAnglesHint.y
      value: 0
      objectReference: {fileID: 0}
    - target: {fileID: 6191026711608368706, guid: 99fcb978cd750b646a6d1023f9db37dd,
        type: 3}
      propertyPath: m_LocalEulerAnglesHint.z
      value: 0
      objectReference: {fileID: 0}
    - target: {fileID: 6191026711608368706, guid: 99fcb978cd750b646a6d1023f9db37dd,
        type: 3}
      propertyPath: m_LocalScale.x
      value: 6.01432
      objectReference: {fileID: 0}
    - target: {fileID: 6191026711608368706, guid: 99fcb978cd750b646a6d1023f9db37dd,
        type: 3}
      propertyPath: m_LocalScale.y
      value: 6.01432
      objectReference: {fileID: 0}
    - target: {fileID: 6191026711608368706, guid: 99fcb978cd750b646a6d1023f9db37dd,
        type: 3}
      propertyPath: m_LocalScale.z
      value: 6.01432
      objectReference: {fileID: 0}
    m_RemovedComponents: []
  m_SourcePrefab: {fileID: 100100000, guid: 99fcb978cd750b646a6d1023f9db37dd, type: 3}
--- !u!4 &7538660765346571542 stripped
Transform:
  m_CorrespondingSourceObject: {fileID: 6191026711608368706, guid: 99fcb978cd750b646a6d1023f9db37dd,
    type: 3}
  m_PrefabInstance: {fileID: 4428241266894388052}
  m_PrefabAsset: {fileID: 0}
--- !u!1001 &7475257349606340850
PrefabInstance:
  m_ObjectHideFlags: 0
  serializedVersion: 2
  m_Modification:
    m_TransformParent: {fileID: 4428241266848992467}
    m_Modifications:
    - target: {fileID: 1000010823978654, guid: 3228a22491941734bb83ad691d17fcb9, type: 3}
      propertyPath: m_Name
      value: FlamesParticleEffect (2)
      objectReference: {fileID: 0}
    - target: {fileID: 4000010409153280, guid: 3228a22491941734bb83ad691d17fcb9, type: 3}
      propertyPath: m_LocalPosition.x
      value: 0.50939
      objectReference: {fileID: 0}
    - target: {fileID: 4000010409153280, guid: 3228a22491941734bb83ad691d17fcb9, type: 3}
      propertyPath: m_LocalPosition.y
      value: 0.827
      objectReference: {fileID: 0}
    - target: {fileID: 4000010409153280, guid: 3228a22491941734bb83ad691d17fcb9, type: 3}
      propertyPath: m_LocalPosition.z
      value: 2.4071
      objectReference: {fileID: 0}
    - target: {fileID: 4000010409153280, guid: 3228a22491941734bb83ad691d17fcb9, type: 3}
      propertyPath: m_LocalRotation.x
      value: -0.021709831
      objectReference: {fileID: 0}
    - target: {fileID: 4000010409153280, guid: 3228a22491941734bb83ad691d17fcb9, type: 3}
      propertyPath: m_LocalRotation.y
      value: 0.70677346
      objectReference: {fileID: 0}
    - target: {fileID: 4000010409153280, guid: 3228a22491941734bb83ad691d17fcb9, type: 3}
      propertyPath: m_LocalRotation.z
      value: 0.70677346
      objectReference: {fileID: 0}
    - target: {fileID: 4000010409153280, guid: 3228a22491941734bb83ad691d17fcb9, type: 3}
      propertyPath: m_LocalRotation.w
      value: 0.021709831
      objectReference: {fileID: 0}
    - target: {fileID: 4000010409153280, guid: 3228a22491941734bb83ad691d17fcb9, type: 3}
      propertyPath: m_RootOrder
      value: 8
      objectReference: {fileID: 0}
    - target: {fileID: 4000010409153280, guid: 3228a22491941734bb83ad691d17fcb9, type: 3}
      propertyPath: m_LocalScale.x
      value: 3.3450365
      objectReference: {fileID: 0}
    - target: {fileID: 4000010409153280, guid: 3228a22491941734bb83ad691d17fcb9, type: 3}
      propertyPath: m_LocalScale.y
      value: 3.3450334
      objectReference: {fileID: 0}
    - target: {fileID: 4000010409153280, guid: 3228a22491941734bb83ad691d17fcb9, type: 3}
      propertyPath: m_LocalScale.z
      value: 3.3450336
      objectReference: {fileID: 0}
    - target: {fileID: 4000010409153280, guid: 3228a22491941734bb83ad691d17fcb9, type: 3}
      propertyPath: m_LocalEulerAnglesHint.x
      value: -90.00001
      objectReference: {fileID: 0}
    - target: {fileID: 4000010409153280, guid: 3228a22491941734bb83ad691d17fcb9, type: 3}
      propertyPath: m_LocalEulerAnglesHint.z
      value: 176.481
      objectReference: {fileID: 0}
    - target: {fileID: 198000012351162682, guid: 3228a22491941734bb83ad691d17fcb9,
        type: 3}
      propertyPath: randomSeed
      value: 0
      objectReference: {fileID: 0}
    - target: {fileID: 198000012351162682, guid: 3228a22491941734bb83ad691d17fcb9,
        type: 3}
      propertyPath: ColorModule.gradient.maxGradient.key0.g
      value: 0.7793342
      objectReference: {fileID: 0}
    - target: {fileID: 198000012351162682, guid: 3228a22491941734bb83ad691d17fcb9,
        type: 3}
      propertyPath: ColorModule.gradient.maxGradient.key0.b
      value: 0.38235295
      objectReference: {fileID: 0}
    - target: {fileID: 198000012351162682, guid: 3228a22491941734bb83ad691d17fcb9,
        type: 3}
      propertyPath: ColorModule.gradient.maxGradient.key1.g
      value: 0.78039217
      objectReference: {fileID: 0}
    - target: {fileID: 198000012351162682, guid: 3228a22491941734bb83ad691d17fcb9,
        type: 3}
      propertyPath: ColorModule.gradient.maxGradient.key1.b
      value: 0.38431373
      objectReference: {fileID: 0}
    - target: {fileID: 198000012351162682, guid: 3228a22491941734bb83ad691d17fcb9,
        type: 3}
      propertyPath: ColorModule.gradient.maxGradient.key0.r
      value: 1
      objectReference: {fileID: 0}
    m_RemovedComponents: []
  m_SourcePrefab: {fileID: 100100000, guid: 3228a22491941734bb83ad691d17fcb9, type: 3}
--- !u!1001 &7538660765438153361
PrefabInstance:
  m_ObjectHideFlags: 0
  serializedVersion: 2
  m_Modification:
    m_TransformParent: {fileID: 7538660765343190650}
    m_Modifications:
    - target: {fileID: 6191026711608368707, guid: 99fcb978cd750b646a6d1023f9db37dd,
        type: 3}
      propertyPath: m_Name
      value: 3Barrels (1)
      objectReference: {fileID: 0}
    - target: {fileID: 6191026711608368706, guid: 99fcb978cd750b646a6d1023f9db37dd,
        type: 3}
      propertyPath: m_LocalPosition.x
      value: -100
      objectReference: {fileID: 0}
    - target: {fileID: 6191026711608368706, guid: 99fcb978cd750b646a6d1023f9db37dd,
        type: 3}
      propertyPath: m_LocalPosition.y
      value: 0
      objectReference: {fileID: 0}
    - target: {fileID: 6191026711608368706, guid: 99fcb978cd750b646a6d1023f9db37dd,
        type: 3}
      propertyPath: m_LocalPosition.z
      value: 0
      objectReference: {fileID: 0}
    - target: {fileID: 6191026711608368706, guid: 99fcb978cd750b646a6d1023f9db37dd,
        type: 3}
      propertyPath: m_LocalRotation.x
      value: -0
      objectReference: {fileID: 0}
    - target: {fileID: 6191026711608368706, guid: 99fcb978cd750b646a6d1023f9db37dd,
        type: 3}
      propertyPath: m_LocalRotation.y
      value: -0
      objectReference: {fileID: 0}
    - target: {fileID: 6191026711608368706, guid: 99fcb978cd750b646a6d1023f9db37dd,
        type: 3}
      propertyPath: m_LocalRotation.z
      value: -0
      objectReference: {fileID: 0}
    - target: {fileID: 6191026711608368706, guid: 99fcb978cd750b646a6d1023f9db37dd,
        type: 3}
      propertyPath: m_LocalRotation.w
      value: 1
      objectReference: {fileID: 0}
    - target: {fileID: 6191026711608368706, guid: 99fcb978cd750b646a6d1023f9db37dd,
        type: 3}
      propertyPath: m_RootOrder
      value: 1
      objectReference: {fileID: 0}
    - target: {fileID: 6191026711608368706, guid: 99fcb978cd750b646a6d1023f9db37dd,
        type: 3}
      propertyPath: m_LocalEulerAnglesHint.x
      value: 0
      objectReference: {fileID: 0}
    - target: {fileID: 6191026711608368706, guid: 99fcb978cd750b646a6d1023f9db37dd,
        type: 3}
      propertyPath: m_LocalEulerAnglesHint.y
      value: 0
      objectReference: {fileID: 0}
    - target: {fileID: 6191026711608368706, guid: 99fcb978cd750b646a6d1023f9db37dd,
        type: 3}
      propertyPath: m_LocalEulerAnglesHint.z
      value: 0
      objectReference: {fileID: 0}
    - target: {fileID: 6191026711608368706, guid: 99fcb978cd750b646a6d1023f9db37dd,
        type: 3}
      propertyPath: m_LocalScale.x
      value: 6.01432
      objectReference: {fileID: 0}
    - target: {fileID: 6191026711608368706, guid: 99fcb978cd750b646a6d1023f9db37dd,
        type: 3}
      propertyPath: m_LocalScale.y
      value: 6.01432
      objectReference: {fileID: 0}
    - target: {fileID: 6191026711608368706, guid: 99fcb978cd750b646a6d1023f9db37dd,
        type: 3}
      propertyPath: m_LocalScale.z
      value: 6.01432
      objectReference: {fileID: 0}
    m_RemovedComponents: []
  m_SourcePrefab: {fileID: 100100000, guid: 99fcb978cd750b646a6d1023f9db37dd, type: 3}
--- !u!4 &4428241266848992467 stripped
Transform:
  m_CorrespondingSourceObject: {fileID: 6191026711608368706, guid: 99fcb978cd750b646a6d1023f9db37dd,
    type: 3}
  m_PrefabInstance: {fileID: 7538660765438153361}
  m_PrefabAsset: {fileID: 0}
--- !u!1001 &8743863518601726381
PrefabInstance:
  m_ObjectHideFlags: 0
  serializedVersion: 2
  m_Modification:
    m_TransformParent: {fileID: 7538660765346571542}
    m_Modifications:
    - target: {fileID: 1000010823978654, guid: 3228a22491941734bb83ad691d17fcb9, type: 3}
      propertyPath: m_Name
      value: FlamesParticleEffect (1)
      objectReference: {fileID: 0}
    - target: {fileID: 4000010409153280, guid: 3228a22491941734bb83ad691d17fcb9, type: 3}
      propertyPath: m_LocalPosition.x
      value: 0.56598
      objectReference: {fileID: 0}
    - target: {fileID: 4000010409153280, guid: 3228a22491941734bb83ad691d17fcb9, type: 3}
      propertyPath: m_LocalPosition.y
      value: 0.91
      objectReference: {fileID: 0}
    - target: {fileID: 4000010409153280, guid: 3228a22491941734bb83ad691d17fcb9, type: 3}
      propertyPath: m_LocalPosition.z
      value: 2.4879
      objectReference: {fileID: 0}
    - target: {fileID: 4000010409153280, guid: 3228a22491941734bb83ad691d17fcb9, type: 3}
      propertyPath: m_LocalRotation.x
      value: -0.021709831
      objectReference: {fileID: 0}
    - target: {fileID: 4000010409153280, guid: 3228a22491941734bb83ad691d17fcb9, type: 3}
      propertyPath: m_LocalRotation.y
      value: 0.70677346
      objectReference: {fileID: 0}
    - target: {fileID: 4000010409153280, guid: 3228a22491941734bb83ad691d17fcb9, type: 3}
      propertyPath: m_LocalRotation.z
      value: 0.70677346
      objectReference: {fileID: 0}
    - target: {fileID: 4000010409153280, guid: 3228a22491941734bb83ad691d17fcb9, type: 3}
      propertyPath: m_LocalRotation.w
      value: 0.021709831
      objectReference: {fileID: 0}
    - target: {fileID: 4000010409153280, guid: 3228a22491941734bb83ad691d17fcb9, type: 3}
      propertyPath: m_RootOrder
      value: 8
      objectReference: {fileID: 0}
    - target: {fileID: 4000010409153280, guid: 3228a22491941734bb83ad691d17fcb9, type: 3}
      propertyPath: m_LocalScale.x
      value: 3.1494935
      objectReference: {fileID: 0}
    - target: {fileID: 4000010409153280, guid: 3228a22491941734bb83ad691d17fcb9, type: 3}
      propertyPath: m_LocalScale.y
      value: 3.1494918
      objectReference: {fileID: 0}
    - target: {fileID: 4000010409153280, guid: 3228a22491941734bb83ad691d17fcb9, type: 3}
      propertyPath: m_LocalScale.z
      value: 3.149493
      objectReference: {fileID: 0}
    - target: {fileID: 4000010409153280, guid: 3228a22491941734bb83ad691d17fcb9, type: 3}
      propertyPath: m_LocalEulerAnglesHint.x
      value: -90.00001
      objectReference: {fileID: 0}
    - target: {fileID: 4000010409153280, guid: 3228a22491941734bb83ad691d17fcb9, type: 3}
      propertyPath: m_LocalEulerAnglesHint.z
      value: 176.481
      objectReference: {fileID: 0}
    - target: {fileID: 198000012351162682, guid: 3228a22491941734bb83ad691d17fcb9,
        type: 3}
      propertyPath: randomSeed
      value: 0
      objectReference: {fileID: 0}
    - target: {fileID: 198000012351162682, guid: 3228a22491941734bb83ad691d17fcb9,
        type: 3}
      propertyPath: ColorModule.gradient.maxGradient.key0.g
      value: 0.7793342
      objectReference: {fileID: 0}
    - target: {fileID: 198000012351162682, guid: 3228a22491941734bb83ad691d17fcb9,
        type: 3}
      propertyPath: ColorModule.gradient.maxGradient.key0.b
      value: 0.38235295
      objectReference: {fileID: 0}
    - target: {fileID: 198000012351162682, guid: 3228a22491941734bb83ad691d17fcb9,
        type: 3}
      propertyPath: ColorModule.gradient.maxGradient.key1.g
      value: 0.78039217
      objectReference: {fileID: 0}
    - target: {fileID: 198000012351162682, guid: 3228a22491941734bb83ad691d17fcb9,
        type: 3}
      propertyPath: ColorModule.gradient.maxGradient.key1.b
      value: 0.38431373
      objectReference: {fileID: 0}
    - target: {fileID: 198000012351162682, guid: 3228a22491941734bb83ad691d17fcb9,
        type: 3}
      propertyPath: ColorModule.gradient.maxGradient.key0.r
      value: 1
      objectReference: {fileID: 0}
    m_RemovedComponents: []
  m_SourcePrefab: {fileID: 100100000, guid: 3228a22491941734bb83ad691d17fcb9, type: 3}
