%YAML 1.1
%TAG !u! tag:unity3d.com,2011:
--- !u!29 &1
OcclusionCullingSettings:
  m_ObjectHideFlags: 0
  serializedVersion: 2
  m_OcclusionBakeSettings:
    smallestOccluder: 5
    smallestHole: 0.25
    backfaceThreshold: 100
  m_SceneGUID: 00000000000000000000000000000000
  m_OcclusionCullingData: {fileID: 0}
--- !u!104 &2
RenderSettings:
  m_ObjectHideFlags: 0
  serializedVersion: 9
  m_Fog: 0
  m_FogColor: {r: 0.5, g: 0.5, b: 0.5, a: 1}
  m_FogMode: 3
  m_FogDensity: 0.01
  m_LinearFogStart: 0
  m_LinearFogEnd: 300
  m_AmbientSkyColor: {r: 0.212, g: 0.227, b: 0.259, a: 1}
  m_AmbientEquatorColor: {r: 0.114, g: 0.125, b: 0.133, a: 1}
  m_AmbientGroundColor: {r: 0.047, g: 0.043, b: 0.035, a: 1}
  m_AmbientIntensity: 1
  m_AmbientMode: 0
  m_SubtractiveShadowColor: {r: 0.42, g: 0.478, b: 0.627, a: 1}
  m_SkyboxMaterial: {fileID: 10304, guid: 0000000000000000f000000000000000, type: 0}
  m_HaloStrength: 0.5
  m_FlareStrength: 1
  m_FlareFadeSpeed: 3
  m_HaloTexture: {fileID: 0}
  m_SpotCookie: {fileID: 10001, guid: 0000000000000000e000000000000000, type: 0}
  m_DefaultReflectionMode: 0
  m_DefaultReflectionResolution: 128
  m_ReflectionBounces: 1
  m_ReflectionIntensity: 1
  m_CustomReflection: {fileID: 0}
  m_Sun: {fileID: 0}
  m_IndirectSpecularColor: {r: 0.44657898, g: 0.4964133, b: 0.5748178, a: 1}
  m_UseRadianceAmbientProbe: 0
--- !u!157 &3
LightmapSettings:
  m_ObjectHideFlags: 0
  serializedVersion: 11
  m_GIWorkflowMode: 0
  m_GISettings:
    serializedVersion: 2
    m_BounceScale: 1
    m_IndirectOutputScale: 1
    m_AlbedoBoost: 1
    m_EnvironmentLightingMode: 0
    m_EnableBakedLightmaps: 1
    m_EnableRealtimeLightmaps: 1
  m_LightmapEditorSettings:
    serializedVersion: 10
    m_Resolution: 2
    m_BakeResolution: 40
    m_AtlasSize: 1024
    m_AO: 0
    m_AOMaxDistance: 1
    m_CompAOExponent: 1
    m_CompAOExponentDirect: 0
    m_Padding: 2
    m_LightmapParameters: {fileID: 0}
    m_LightmapsBakeMode: 1
    m_TextureCompression: 1
    m_FinalGather: 0
    m_FinalGatherFiltering: 1
    m_FinalGatherRayCount: 256
    m_ReflectionCompression: 2
    m_MixedBakeMode: 2
    m_BakeBackend: 1
    m_PVRSampling: 1
    m_PVRDirectSampleCount: 32
    m_PVRSampleCount: 500
    m_PVRBounces: 2
    m_PVRFilterTypeDirect: 0
    m_PVRFilterTypeIndirect: 0
    m_PVRFilterTypeAO: 0
    m_PVRFilteringMode: 1
    m_PVRCulling: 1
    m_PVRFilteringGaussRadiusDirect: 1
    m_PVRFilteringGaussRadiusIndirect: 5
    m_PVRFilteringGaussRadiusAO: 2
    m_PVRFilteringAtrousPositionSigmaDirect: 0.5
    m_PVRFilteringAtrousPositionSigmaIndirect: 2
    m_PVRFilteringAtrousPositionSigmaAO: 1
    m_ShowResolutionOverlay: 1
  m_LightingDataAsset: {fileID: 0}
  m_UseShadowmask: 1
--- !u!196 &4
NavMeshSettings:
  serializedVersion: 2
  m_ObjectHideFlags: 0
  m_BuildSettings:
    serializedVersion: 2
    agentTypeID: 0
    agentRadius: 0.5
    agentHeight: 2
    agentSlope: 45
    agentClimb: 0.4
    ledgeDropHeight: 0
    maxJumpAcrossDistance: 0
    minRegionArea: 2
    manualCellSize: 0
    cellSize: 0.16666667
    manualTileSize: 0
    tileSize: 256
    accuratePlacement: 0
    debug:
      m_Flags: 0
  m_NavMeshData: {fileID: 0}
--- !u!82 &72297151
AudioSource:
  m_ObjectHideFlags: 0
  m_CorrespondingSourceObject: {fileID: 0}
  m_PrefabInstance: {fileID: 0}
  m_PrefabAsset: {fileID: 0}
  m_GameObject: {fileID: 7253983128869015484}
  m_Enabled: 1
  serializedVersion: 4
  OutputAudioMixerGroup: {fileID: 243216109797877232, guid: fcc71635aab95ff4fbdf1880bf2afa2f,
    type: 2}
  m_audioClip: {fileID: 8300000, guid: 01a15bd1861d7914abbedc36aad1f4d6, type: 3}
  m_PlayOnAwake: 0
  m_Volume: 1
  m_Pitch: 1
  Loop: 1
  Mute: 0
  Spatialize: 0
  SpatializePostEffects: 0
  Priority: 128
  DopplerLevel: 1
  MinDistance: 1
  MaxDistance: 500
  Pan2D: 0
  rolloffMode: 0
  BypassEffects: 0
  BypassListenerEffects: 0
  BypassReverbZones: 0
  rolloffCustomCurve:
    serializedVersion: 2
    m_Curve:
    - serializedVersion: 3
      time: 0
      value: 1
      inSlope: 0
      outSlope: 0
      tangentMode: 0
      weightedMode: 0
      inWeight: 0.33333334
      outWeight: 0.33333334
    - serializedVersion: 3
      time: 1
      value: 0
      inSlope: 0
      outSlope: 0
      tangentMode: 0
      weightedMode: 0
      inWeight: 0.33333334
      outWeight: 0.33333334
    m_PreInfinity: 2
    m_PostInfinity: 2
    m_RotationOrder: 4
  panLevelCustomCurve:
    serializedVersion: 2
    m_Curve:
    - serializedVersion: 3
      time: 0
      value: 0
      inSlope: 0
      outSlope: 0
      tangentMode: 0
      weightedMode: 0
      inWeight: 0.33333334
      outWeight: 0.33333334
    m_PreInfinity: 2
    m_PostInfinity: 2
    m_RotationOrder: 4
  spreadCustomCurve:
    serializedVersion: 2
    m_Curve:
    - serializedVersion: 3
      time: 0
      value: 0
      inSlope: 0
      outSlope: 0
      tangentMode: 0
      weightedMode: 0
      inWeight: 0.33333334
      outWeight: 0.33333334
    m_PreInfinity: 2
    m_PostInfinity: 2
    m_RotationOrder: 4
  reverbZoneMixCustomCurve:
    serializedVersion: 2
    m_Curve:
    - serializedVersion: 3
      time: 0
      value: 1
      inSlope: 0
      outSlope: 0
      tangentMode: 0
      weightedMode: 0
      inWeight: 0.33333334
      outWeight: 0.33333334
    m_PreInfinity: 2
    m_PostInfinity: 2
    m_RotationOrder: 4
--- !u!1001 &140252110
PrefabInstance:
  m_ObjectHideFlags: 0
  serializedVersion: 2
  m_Modification:
    m_TransformParent: {fileID: 0}
    m_Modifications:
    - target: {fileID: 1315839542190839943, guid: c996b53e9f849234393d1e90f68d1679,
        type: 3}
      propertyPath: m_Name
      value: GameManager
      objectReference: {fileID: 0}
    - target: {fileID: 319410335075788178, guid: c996b53e9f849234393d1e90f68d1679,
        type: 3}
      propertyPath: m_AnchorMin.y
      value: 0
      objectReference: {fileID: 0}
    - target: {fileID: 319410335075788178, guid: c996b53e9f849234393d1e90f68d1679,
        type: 3}
      propertyPath: m_AnchorMax.y
      value: 0
      objectReference: {fileID: 0}
    - target: {fileID: 319410335075788178, guid: c996b53e9f849234393d1e90f68d1679,
        type: 3}
      propertyPath: m_AnchoredPosition.x
      value: 0
      objectReference: {fileID: 0}
    - target: {fileID: 319410335075788178, guid: c996b53e9f849234393d1e90f68d1679,
        type: 3}
      propertyPath: m_AnchoredPosition.y
      value: 0
      objectReference: {fileID: 0}
    - target: {fileID: 1315839542190839937, guid: c996b53e9f849234393d1e90f68d1679,
        type: 3}
      propertyPath: m_LocalPosition.x
      value: 0
      objectReference: {fileID: 0}
    - target: {fileID: 1315839542190839937, guid: c996b53e9f849234393d1e90f68d1679,
        type: 3}
      propertyPath: m_LocalPosition.y
      value: 0
      objectReference: {fileID: 0}
    - target: {fileID: 1315839542190839937, guid: c996b53e9f849234393d1e90f68d1679,
        type: 3}
      propertyPath: m_LocalPosition.z
      value: 0
      objectReference: {fileID: 0}
    - target: {fileID: 1315839542190839937, guid: c996b53e9f849234393d1e90f68d1679,
        type: 3}
      propertyPath: m_LocalRotation.x
      value: -0
      objectReference: {fileID: 0}
    - target: {fileID: 1315839542190839937, guid: c996b53e9f849234393d1e90f68d1679,
        type: 3}
      propertyPath: m_LocalRotation.y
      value: -0
      objectReference: {fileID: 0}
    - target: {fileID: 1315839542190839937, guid: c996b53e9f849234393d1e90f68d1679,
        type: 3}
      propertyPath: m_LocalRotation.z
      value: -0
      objectReference: {fileID: 0}
    - target: {fileID: 1315839542190839937, guid: c996b53e9f849234393d1e90f68d1679,
        type: 3}
      propertyPath: m_LocalRotation.w
      value: 1
      objectReference: {fileID: 0}
    - target: {fileID: 1315839542190839937, guid: c996b53e9f849234393d1e90f68d1679,
        type: 3}
      propertyPath: m_RootOrder
      value: 2
      objectReference: {fileID: 0}
    - target: {fileID: 1315839542190839937, guid: c996b53e9f849234393d1e90f68d1679,
        type: 3}
      propertyPath: m_LocalEulerAnglesHint.x
      value: 0
      objectReference: {fileID: 0}
    - target: {fileID: 1315839542190839937, guid: c996b53e9f849234393d1e90f68d1679,
        type: 3}
      propertyPath: m_LocalEulerAnglesHint.y
      value: 0
      objectReference: {fileID: 0}
    - target: {fileID: 1315839542190839937, guid: c996b53e9f849234393d1e90f68d1679,
        type: 3}
      propertyPath: m_LocalEulerAnglesHint.z
      value: 0
      objectReference: {fileID: 0}
    - target: {fileID: 1826386070391163904, guid: c996b53e9f849234393d1e90f68d1679,
        type: 3}
      propertyPath: m_textInfo.characterCount
      value: 0
      objectReference: {fileID: 0}
    - target: {fileID: 1826386070391163904, guid: c996b53e9f849234393d1e90f68d1679,
        type: 3}
      propertyPath: m_textInfo.wordCount
      value: 0
      objectReference: {fileID: 0}
    - target: {fileID: 1826386070391163904, guid: c996b53e9f849234393d1e90f68d1679,
        type: 3}
      propertyPath: m_textInfo.lineCount
      value: 0
      objectReference: {fileID: 0}
    - target: {fileID: 1826386070391163904, guid: c996b53e9f849234393d1e90f68d1679,
        type: 3}
      propertyPath: m_textInfo.pageCount
      value: 0
      objectReference: {fileID: 0}
    - target: {fileID: 1958601101662326530, guid: c996b53e9f849234393d1e90f68d1679,
        type: 3}
      propertyPath: m_AnchorMin.y
      value: 0
      objectReference: {fileID: 0}
    - target: {fileID: 1958601101662326530, guid: c996b53e9f849234393d1e90f68d1679,
        type: 3}
      propertyPath: m_AnchorMax.y
      value: 0
      objectReference: {fileID: 0}
    - target: {fileID: 1958601101662326530, guid: c996b53e9f849234393d1e90f68d1679,
        type: 3}
      propertyPath: m_AnchoredPosition.x
      value: 0
      objectReference: {fileID: 0}
    - target: {fileID: 1958601101662326530, guid: c996b53e9f849234393d1e90f68d1679,
        type: 3}
      propertyPath: m_AnchoredPosition.y
      value: 0
      objectReference: {fileID: 0}
    - target: {fileID: 3235725120536374800, guid: c996b53e9f849234393d1e90f68d1679,
        type: 3}
      propertyPath: m_LocalPosition.z
      value: 0
      objectReference: {fileID: 0}
    - target: {fileID: 6277484531393056600, guid: c996b53e9f849234393d1e90f68d1679,
        type: 3}
      propertyPath: m_textInfo.characterCount
      value: 0
      objectReference: {fileID: 0}
    - target: {fileID: 6277484531393056600, guid: c996b53e9f849234393d1e90f68d1679,
        type: 3}
      propertyPath: m_textInfo.wordCount
      value: 0
      objectReference: {fileID: 0}
    - target: {fileID: 6277484531393056600, guid: c996b53e9f849234393d1e90f68d1679,
        type: 3}
      propertyPath: m_textInfo.lineCount
      value: 0
      objectReference: {fileID: 0}
    - target: {fileID: 6277484531393056600, guid: c996b53e9f849234393d1e90f68d1679,
        type: 3}
      propertyPath: m_textInfo.pageCount
      value: 0
      objectReference: {fileID: 0}
    - target: {fileID: 8041970913709386448, guid: c996b53e9f849234393d1e90f68d1679,
        type: 3}
      propertyPath: m_LocalPosition.z
      value: 0
      objectReference: {fileID: 0}
    - target: {fileID: 8041970915285772882, guid: c996b53e9f849234393d1e90f68d1679,
        type: 3}
      propertyPath: m_AnchorMin.y
      value: 0
      objectReference: {fileID: 0}
    - target: {fileID: 8041970915285772882, guid: c996b53e9f849234393d1e90f68d1679,
        type: 3}
      propertyPath: m_AnchorMax.y
      value: 0
      objectReference: {fileID: 0}
    - target: {fileID: 8041970915285772882, guid: c996b53e9f849234393d1e90f68d1679,
        type: 3}
      propertyPath: m_AnchoredPosition.x
      value: 0
      objectReference: {fileID: 0}
    - target: {fileID: 8041970915285772882, guid: c996b53e9f849234393d1e90f68d1679,
        type: 3}
      propertyPath: m_AnchoredPosition.y
      value: 0
      objectReference: {fileID: 0}
    - target: {fileID: 8250413824482692630, guid: c996b53e9f849234393d1e90f68d1679,
        type: 3}
      propertyPath: m_AnchorMin.y
      value: 0
      objectReference: {fileID: 0}
    - target: {fileID: 8250413824482692630, guid: c996b53e9f849234393d1e90f68d1679,
        type: 3}
      propertyPath: m_AnchorMax.y
      value: 0
      objectReference: {fileID: 0}
    - target: {fileID: 8250413824482692630, guid: c996b53e9f849234393d1e90f68d1679,
        type: 3}
      propertyPath: m_AnchoredPosition.y
      value: 0
      objectReference: {fileID: 0}
    - target: {fileID: 1567544279954943049, guid: c996b53e9f849234393d1e90f68d1679,
        type: 3}
      propertyPath: m_IsActive
      value: 0
      objectReference: {fileID: 0}
    m_RemovedComponents: []
  m_SourcePrefab: {fileID: 100100000, guid: c996b53e9f849234393d1e90f68d1679, type: 3}
--- !u!1001 &167880244
PrefabInstance:
  m_ObjectHideFlags: 0
  serializedVersion: 2
  m_Modification:
    m_TransformParent: {fileID: 1226456332}
    m_Modifications:
    - target: {fileID: 528559090867763688, guid: 2a86e4ba493cd034cbc2c5713da1a643,
        type: 3}
      propertyPath: m_Name
      value: Basic_Floor_Mesh (2)
      objectReference: {fileID: 0}
    - target: {fileID: 528559090868053448, guid: 2a86e4ba493cd034cbc2c5713da1a643,
        type: 3}
      propertyPath: m_LocalPosition.x
      value: 0
      objectReference: {fileID: 0}
    - target: {fileID: 528559090868053448, guid: 2a86e4ba493cd034cbc2c5713da1a643,
        type: 3}
      propertyPath: m_LocalPosition.y
      value: 0
      objectReference: {fileID: 0}
    - target: {fileID: 528559090868053448, guid: 2a86e4ba493cd034cbc2c5713da1a643,
        type: 3}
      propertyPath: m_LocalPosition.z
      value: 3
      objectReference: {fileID: 0}
    - target: {fileID: 528559090868053448, guid: 2a86e4ba493cd034cbc2c5713da1a643,
        type: 3}
      propertyPath: m_LocalRotation.x
      value: -0
      objectReference: {fileID: 0}
    - target: {fileID: 528559090868053448, guid: 2a86e4ba493cd034cbc2c5713da1a643,
        type: 3}
      propertyPath: m_LocalRotation.y
      value: -0
      objectReference: {fileID: 0}
    - target: {fileID: 528559090868053448, guid: 2a86e4ba493cd034cbc2c5713da1a643,
        type: 3}
      propertyPath: m_LocalRotation.z
      value: -0
      objectReference: {fileID: 0}
    - target: {fileID: 528559090868053448, guid: 2a86e4ba493cd034cbc2c5713da1a643,
        type: 3}
      propertyPath: m_LocalRotation.w
      value: 1
      objectReference: {fileID: 0}
    - target: {fileID: 528559090868053448, guid: 2a86e4ba493cd034cbc2c5713da1a643,
        type: 3}
      propertyPath: m_RootOrder
      value: 2
      objectReference: {fileID: 0}
    - target: {fileID: 528559090868053448, guid: 2a86e4ba493cd034cbc2c5713da1a643,
        type: 3}
      propertyPath: m_LocalEulerAnglesHint.x
      value: 0
      objectReference: {fileID: 0}
    - target: {fileID: 528559090868053448, guid: 2a86e4ba493cd034cbc2c5713da1a643,
        type: 3}
      propertyPath: m_LocalEulerAnglesHint.y
      value: 0
      objectReference: {fileID: 0}
    - target: {fileID: 528559090868053448, guid: 2a86e4ba493cd034cbc2c5713da1a643,
        type: 3}
      propertyPath: m_LocalEulerAnglesHint.z
      value: 0
      objectReference: {fileID: 0}
    m_RemovedComponents: []
  m_SourcePrefab: {fileID: 100100000, guid: 2a86e4ba493cd034cbc2c5713da1a643, type: 3}
--- !u!4 &167880245 stripped
Transform:
  m_CorrespondingSourceObject: {fileID: 528559090868053448, guid: 2a86e4ba493cd034cbc2c5713da1a643,
    type: 3}
  m_PrefabInstance: {fileID: 167880244}
  m_PrefabAsset: {fileID: 0}
--- !u!1001 &243454403
PrefabInstance:
  m_ObjectHideFlags: 0
  serializedVersion: 2
  m_Modification:
    m_TransformParent: {fileID: 1226456332}
    m_Modifications:
    - target: {fileID: 528559090867763688, guid: 2a86e4ba493cd034cbc2c5713da1a643,
        type: 3}
      propertyPath: m_Name
      value: Basic_Floor_Mesh (8)
      objectReference: {fileID: 0}
    - target: {fileID: 528559090868053448, guid: 2a86e4ba493cd034cbc2c5713da1a643,
        type: 3}
      propertyPath: m_LocalPosition.x
      value: -6
      objectReference: {fileID: 0}
    - target: {fileID: 528559090868053448, guid: 2a86e4ba493cd034cbc2c5713da1a643,
        type: 3}
      propertyPath: m_LocalPosition.y
      value: 0
      objectReference: {fileID: 0}
    - target: {fileID: 528559090868053448, guid: 2a86e4ba493cd034cbc2c5713da1a643,
        type: 3}
      propertyPath: m_LocalPosition.z
      value: 0
      objectReference: {fileID: 0}
    - target: {fileID: 528559090868053448, guid: 2a86e4ba493cd034cbc2c5713da1a643,
        type: 3}
      propertyPath: m_LocalRotation.x
      value: -0
      objectReference: {fileID: 0}
    - target: {fileID: 528559090868053448, guid: 2a86e4ba493cd034cbc2c5713da1a643,
        type: 3}
      propertyPath: m_LocalRotation.y
      value: -0
      objectReference: {fileID: 0}
    - target: {fileID: 528559090868053448, guid: 2a86e4ba493cd034cbc2c5713da1a643,
        type: 3}
      propertyPath: m_LocalRotation.z
      value: -0
      objectReference: {fileID: 0}
    - target: {fileID: 528559090868053448, guid: 2a86e4ba493cd034cbc2c5713da1a643,
        type: 3}
      propertyPath: m_LocalRotation.w
      value: 1
      objectReference: {fileID: 0}
    - target: {fileID: 528559090868053448, guid: 2a86e4ba493cd034cbc2c5713da1a643,
        type: 3}
      propertyPath: m_RootOrder
      value: 8
      objectReference: {fileID: 0}
    - target: {fileID: 528559090868053448, guid: 2a86e4ba493cd034cbc2c5713da1a643,
        type: 3}
      propertyPath: m_LocalEulerAnglesHint.x
      value: 0
      objectReference: {fileID: 0}
    - target: {fileID: 528559090868053448, guid: 2a86e4ba493cd034cbc2c5713da1a643,
        type: 3}
      propertyPath: m_LocalEulerAnglesHint.y
      value: 0
      objectReference: {fileID: 0}
    - target: {fileID: 528559090868053448, guid: 2a86e4ba493cd034cbc2c5713da1a643,
        type: 3}
      propertyPath: m_LocalEulerAnglesHint.z
      value: 0
      objectReference: {fileID: 0}
    m_RemovedComponents: []
  m_SourcePrefab: {fileID: 100100000, guid: 2a86e4ba493cd034cbc2c5713da1a643, type: 3}
--- !u!4 &243454404 stripped
Transform:
  m_CorrespondingSourceObject: {fileID: 528559090868053448, guid: 2a86e4ba493cd034cbc2c5713da1a643,
    type: 3}
  m_PrefabInstance: {fileID: 243454403}
  m_PrefabAsset: {fileID: 0}
--- !u!1001 &293116957
PrefabInstance:
  m_ObjectHideFlags: 0
  serializedVersion: 2
  m_Modification:
    m_TransformParent: {fileID: 1226456332}
    m_Modifications:
    - target: {fileID: 528559090867763688, guid: 2a86e4ba493cd034cbc2c5713da1a643,
        type: 3}
      propertyPath: m_Name
      value: Basic_Floor_Mesh (12)
      objectReference: {fileID: 0}
    - target: {fileID: 528559090868053448, guid: 2a86e4ba493cd034cbc2c5713da1a643,
        type: 3}
      propertyPath: m_LocalPosition.x
      value: -6
      objectReference: {fileID: 0}
    - target: {fileID: 528559090868053448, guid: 2a86e4ba493cd034cbc2c5713da1a643,
        type: 3}
      propertyPath: m_LocalPosition.y
      value: 0
      objectReference: {fileID: 0}
    - target: {fileID: 528559090868053448, guid: 2a86e4ba493cd034cbc2c5713da1a643,
        type: 3}
      propertyPath: m_LocalPosition.z
      value: -6
      objectReference: {fileID: 0}
    - target: {fileID: 528559090868053448, guid: 2a86e4ba493cd034cbc2c5713da1a643,
        type: 3}
      propertyPath: m_LocalRotation.x
      value: -0
      objectReference: {fileID: 0}
    - target: {fileID: 528559090868053448, guid: 2a86e4ba493cd034cbc2c5713da1a643,
        type: 3}
      propertyPath: m_LocalRotation.y
      value: -0
      objectReference: {fileID: 0}
    - target: {fileID: 528559090868053448, guid: 2a86e4ba493cd034cbc2c5713da1a643,
        type: 3}
      propertyPath: m_LocalRotation.z
      value: -0
      objectReference: {fileID: 0}
    - target: {fileID: 528559090868053448, guid: 2a86e4ba493cd034cbc2c5713da1a643,
        type: 3}
      propertyPath: m_LocalRotation.w
      value: 1
      objectReference: {fileID: 0}
    - target: {fileID: 528559090868053448, guid: 2a86e4ba493cd034cbc2c5713da1a643,
        type: 3}
      propertyPath: m_RootOrder
      value: 12
      objectReference: {fileID: 0}
    - target: {fileID: 528559090868053448, guid: 2a86e4ba493cd034cbc2c5713da1a643,
        type: 3}
      propertyPath: m_LocalEulerAnglesHint.x
      value: 0
      objectReference: {fileID: 0}
    - target: {fileID: 528559090868053448, guid: 2a86e4ba493cd034cbc2c5713da1a643,
        type: 3}
      propertyPath: m_LocalEulerAnglesHint.y
      value: 0
      objectReference: {fileID: 0}
    - target: {fileID: 528559090868053448, guid: 2a86e4ba493cd034cbc2c5713da1a643,
        type: 3}
      propertyPath: m_LocalEulerAnglesHint.z
      value: 0
      objectReference: {fileID: 0}
    m_RemovedComponents: []
  m_SourcePrefab: {fileID: 100100000, guid: 2a86e4ba493cd034cbc2c5713da1a643, type: 3}
--- !u!4 &293116958 stripped
Transform:
  m_CorrespondingSourceObject: {fileID: 528559090868053448, guid: 2a86e4ba493cd034cbc2c5713da1a643,
    type: 3}
  m_PrefabInstance: {fileID: 293116957}
  m_PrefabAsset: {fileID: 0}
--- !u!1 &373051390
GameObject:
  m_ObjectHideFlags: 0
  m_CorrespondingSourceObject: {fileID: 0}
  m_PrefabInstance: {fileID: 0}
  m_PrefabAsset: {fileID: 0}
  serializedVersion: 6
  m_Component:
  - component: {fileID: 373051392}
  - component: {fileID: 373051391}
  m_Layer: 0
  m_Name: Directional Light
  m_TagString: Untagged
  m_Icon: {fileID: 0}
  m_NavMeshLayer: 0
  m_StaticEditorFlags: 0
  m_IsActive: 1
--- !u!108 &373051391
Light:
  m_ObjectHideFlags: 0
  m_CorrespondingSourceObject: {fileID: 0}
  m_PrefabInstance: {fileID: 0}
  m_PrefabAsset: {fileID: 0}
  m_GameObject: {fileID: 373051390}
  m_Enabled: 1
  serializedVersion: 8
  m_Type: 1
  m_Color: {r: 1, g: 0.95686275, b: 0.8392157, a: 1}
  m_Intensity: 1
  m_Range: 10
  m_SpotAngle: 30
  m_CookieSize: 10
  m_Shadows:
    m_Type: 2
    m_Resolution: -1
    m_CustomResolution: -1
    m_Strength: 1
    m_Bias: 0.05
    m_NormalBias: 0.4
    m_NearPlane: 0.2
  m_Cookie: {fileID: 0}
  m_DrawHalo: 0
  m_Flare: {fileID: 0}
  m_RenderMode: 0
  m_CullingMask:
    serializedVersion: 2
    m_Bits: 4294967295
  m_Lightmapping: 4
  m_LightShadowCasterMode: 0
  m_AreaSize: {x: 1, y: 1}
  m_BounceIntensity: 1
  m_ColorTemperature: 6570
  m_UseColorTemperature: 0
  m_ShadowRadius: 0
  m_ShadowAngle: 0
--- !u!4 &373051392
Transform:
  m_ObjectHideFlags: 0
  m_CorrespondingSourceObject: {fileID: 0}
  m_PrefabInstance: {fileID: 0}
  m_PrefabAsset: {fileID: 0}
  m_GameObject: {fileID: 373051390}
  m_LocalRotation: {x: 0.40821788, y: -0.23456968, z: 0.10938163, w: 0.8754261}
  m_LocalPosition: {x: 0, y: 3, z: 0}
  m_LocalScale: {x: 1, y: 1, z: 1}
  m_Children: []
  m_Father: {fileID: 0}
  m_RootOrder: 0
  m_LocalEulerAnglesHint: {x: 50, y: -30, z: 0}
--- !u!1001 &586787491
PrefabInstance:
  m_ObjectHideFlags: 0
  serializedVersion: 2
  m_Modification:
    m_TransformParent: {fileID: 1226456332}
    m_Modifications:
    - target: {fileID: 528559090867763688, guid: 2a86e4ba493cd034cbc2c5713da1a643,
        type: 3}
      propertyPath: m_Name
      value: Basic_Floor_Mesh (11)
      objectReference: {fileID: 0}
    - target: {fileID: 528559090868053448, guid: 2a86e4ba493cd034cbc2c5713da1a643,
        type: 3}
      propertyPath: m_LocalPosition.x
      value: -3
      objectReference: {fileID: 0}
    - target: {fileID: 528559090868053448, guid: 2a86e4ba493cd034cbc2c5713da1a643,
        type: 3}
      propertyPath: m_LocalPosition.y
      value: 0
      objectReference: {fileID: 0}
    - target: {fileID: 528559090868053448, guid: 2a86e4ba493cd034cbc2c5713da1a643,
        type: 3}
      propertyPath: m_LocalPosition.z
      value: 3
      objectReference: {fileID: 0}
    - target: {fileID: 528559090868053448, guid: 2a86e4ba493cd034cbc2c5713da1a643,
        type: 3}
      propertyPath: m_LocalRotation.x
      value: -0
      objectReference: {fileID: 0}
    - target: {fileID: 528559090868053448, guid: 2a86e4ba493cd034cbc2c5713da1a643,
        type: 3}
      propertyPath: m_LocalRotation.y
      value: -0
      objectReference: {fileID: 0}
    - target: {fileID: 528559090868053448, guid: 2a86e4ba493cd034cbc2c5713da1a643,
        type: 3}
      propertyPath: m_LocalRotation.z
      value: -0
      objectReference: {fileID: 0}
    - target: {fileID: 528559090868053448, guid: 2a86e4ba493cd034cbc2c5713da1a643,
        type: 3}
      propertyPath: m_LocalRotation.w
      value: 1
      objectReference: {fileID: 0}
    - target: {fileID: 528559090868053448, guid: 2a86e4ba493cd034cbc2c5713da1a643,
        type: 3}
      propertyPath: m_RootOrder
      value: 11
      objectReference: {fileID: 0}
    - target: {fileID: 528559090868053448, guid: 2a86e4ba493cd034cbc2c5713da1a643,
        type: 3}
      propertyPath: m_LocalEulerAnglesHint.x
      value: 0
      objectReference: {fileID: 0}
    - target: {fileID: 528559090868053448, guid: 2a86e4ba493cd034cbc2c5713da1a643,
        type: 3}
      propertyPath: m_LocalEulerAnglesHint.y
      value: 0
      objectReference: {fileID: 0}
    - target: {fileID: 528559090868053448, guid: 2a86e4ba493cd034cbc2c5713da1a643,
        type: 3}
      propertyPath: m_LocalEulerAnglesHint.z
      value: 0
      objectReference: {fileID: 0}
    m_RemovedComponents: []
  m_SourcePrefab: {fileID: 100100000, guid: 2a86e4ba493cd034cbc2c5713da1a643, type: 3}
--- !u!4 &586787492 stripped
Transform:
  m_CorrespondingSourceObject: {fileID: 528559090868053448, guid: 2a86e4ba493cd034cbc2c5713da1a643,
    type: 3}
  m_PrefabInstance: {fileID: 586787491}
  m_PrefabAsset: {fileID: 0}
--- !u!1 &589958152
GameObject:
  m_ObjectHideFlags: 0
  m_CorrespondingSourceObject: {fileID: 0}
  m_PrefabInstance: {fileID: 0}
  m_PrefabAsset: {fileID: 0}
  serializedVersion: 6
  m_Component:
  - component: {fileID: 589958153}
  - component: {fileID: 589958154}
  m_Layer: 0
  m_Name: Colisionador
  m_TagString: Untagged
  m_Icon: {fileID: 0}
  m_NavMeshLayer: 0
  m_StaticEditorFlags: 0
  m_IsActive: 1
--- !u!4 &589958153
Transform:
  m_ObjectHideFlags: 0
  m_CorrespondingSourceObject: {fileID: 0}
  m_PrefabInstance: {fileID: 0}
  m_PrefabAsset: {fileID: 0}
  m_GameObject: {fileID: 589958152}
  m_LocalRotation: {x: -0, y: -0, z: -0, w: 1}
  m_LocalPosition: {x: 0, y: 0, z: 0}
  m_LocalScale: {x: 1, y: 1, z: 1}
  m_Children: []
  m_Father: {fileID: 867749630}
  m_RootOrder: 0
  m_LocalEulerAnglesHint: {x: 0, y: 0, z: 0}
--- !u!136 &589958154
CapsuleCollider:
  m_ObjectHideFlags: 0
  m_CorrespondingSourceObject: {fileID: 0}
  m_PrefabInstance: {fileID: 0}
  m_PrefabAsset: {fileID: 0}
  m_GameObject: {fileID: 589958152}
  m_Material: {fileID: 0}
  m_IsTrigger: 0
  m_Enabled: 1
  m_Radius: 0.5
  m_Height: 1.75
  m_Direction: 1
  m_Center: {x: 0, y: -0.4134519, z: 0}
--- !u!1001 &748289042
PrefabInstance:
  m_ObjectHideFlags: 0
  serializedVersion: 2
  m_Modification:
    m_TransformParent: {fileID: 1226456332}
    m_Modifications:
    - target: {fileID: 528559090867763688, guid: 2a86e4ba493cd034cbc2c5713da1a643,
        type: 3}
      propertyPath: m_Name
      value: Basic_Floor_Mesh (15)
      objectReference: {fileID: 0}
    - target: {fileID: 528559090868053448, guid: 2a86e4ba493cd034cbc2c5713da1a643,
        type: 3}
      propertyPath: m_LocalPosition.x
      value: -3
      objectReference: {fileID: 0}
    - target: {fileID: 528559090868053448, guid: 2a86e4ba493cd034cbc2c5713da1a643,
        type: 3}
      propertyPath: m_LocalPosition.y
      value: 0
      objectReference: {fileID: 0}
    - target: {fileID: 528559090868053448, guid: 2a86e4ba493cd034cbc2c5713da1a643,
        type: 3}
      propertyPath: m_LocalPosition.z
      value: -3
      objectReference: {fileID: 0}
    - target: {fileID: 528559090868053448, guid: 2a86e4ba493cd034cbc2c5713da1a643,
        type: 3}
      propertyPath: m_LocalRotation.x
      value: -0
      objectReference: {fileID: 0}
    - target: {fileID: 528559090868053448, guid: 2a86e4ba493cd034cbc2c5713da1a643,
        type: 3}
      propertyPath: m_LocalRotation.y
      value: -0
      objectReference: {fileID: 0}
    - target: {fileID: 528559090868053448, guid: 2a86e4ba493cd034cbc2c5713da1a643,
        type: 3}
      propertyPath: m_LocalRotation.z
      value: -0
      objectReference: {fileID: 0}
    - target: {fileID: 528559090868053448, guid: 2a86e4ba493cd034cbc2c5713da1a643,
        type: 3}
      propertyPath: m_LocalRotation.w
      value: 1
      objectReference: {fileID: 0}
    - target: {fileID: 528559090868053448, guid: 2a86e4ba493cd034cbc2c5713da1a643,
        type: 3}
      propertyPath: m_RootOrder
      value: 15
      objectReference: {fileID: 0}
    - target: {fileID: 528559090868053448, guid: 2a86e4ba493cd034cbc2c5713da1a643,
        type: 3}
      propertyPath: m_LocalEulerAnglesHint.x
      value: 0
      objectReference: {fileID: 0}
    - target: {fileID: 528559090868053448, guid: 2a86e4ba493cd034cbc2c5713da1a643,
        type: 3}
      propertyPath: m_LocalEulerAnglesHint.y
      value: 0
      objectReference: {fileID: 0}
    - target: {fileID: 528559090868053448, guid: 2a86e4ba493cd034cbc2c5713da1a643,
        type: 3}
      propertyPath: m_LocalEulerAnglesHint.z
      value: 0
      objectReference: {fileID: 0}
    m_RemovedComponents: []
  m_SourcePrefab: {fileID: 100100000, guid: 2a86e4ba493cd034cbc2c5713da1a643, type: 3}
--- !u!4 &748289043 stripped
Transform:
  m_CorrespondingSourceObject: {fileID: 528559090868053448, guid: 2a86e4ba493cd034cbc2c5713da1a643,
    type: 3}
  m_PrefabInstance: {fileID: 748289042}
  m_PrefabAsset: {fileID: 0}
--- !u!1001 &857232215
PrefabInstance:
  m_ObjectHideFlags: 0
  serializedVersion: 2
  m_Modification:
    m_TransformParent: {fileID: 1226456332}
    m_Modifications:
    - target: {fileID: 528559090867763688, guid: 2a86e4ba493cd034cbc2c5713da1a643,
        type: 3}
      propertyPath: m_Name
      value: Basic_Floor_Mesh
      objectReference: {fileID: 0}
    - target: {fileID: 528559090868053448, guid: 2a86e4ba493cd034cbc2c5713da1a643,
        type: 3}
      propertyPath: m_LocalPosition.x
      value: 0
      objectReference: {fileID: 0}
    - target: {fileID: 528559090868053448, guid: 2a86e4ba493cd034cbc2c5713da1a643,
        type: 3}
      propertyPath: m_LocalPosition.y
      value: 0
      objectReference: {fileID: 0}
    - target: {fileID: 528559090868053448, guid: 2a86e4ba493cd034cbc2c5713da1a643,
        type: 3}
      propertyPath: m_LocalPosition.z
      value: 0
      objectReference: {fileID: 0}
    - target: {fileID: 528559090868053448, guid: 2a86e4ba493cd034cbc2c5713da1a643,
        type: 3}
      propertyPath: m_LocalRotation.x
      value: -0
      objectReference: {fileID: 0}
    - target: {fileID: 528559090868053448, guid: 2a86e4ba493cd034cbc2c5713da1a643,
        type: 3}
      propertyPath: m_LocalRotation.y
      value: -0
      objectReference: {fileID: 0}
    - target: {fileID: 528559090868053448, guid: 2a86e4ba493cd034cbc2c5713da1a643,
        type: 3}
      propertyPath: m_LocalRotation.z
      value: -0
      objectReference: {fileID: 0}
    - target: {fileID: 528559090868053448, guid: 2a86e4ba493cd034cbc2c5713da1a643,
        type: 3}
      propertyPath: m_LocalRotation.w
      value: 1
      objectReference: {fileID: 0}
    - target: {fileID: 528559090868053448, guid: 2a86e4ba493cd034cbc2c5713da1a643,
        type: 3}
      propertyPath: m_RootOrder
      value: 0
      objectReference: {fileID: 0}
    - target: {fileID: 528559090868053448, guid: 2a86e4ba493cd034cbc2c5713da1a643,
        type: 3}
      propertyPath: m_LocalEulerAnglesHint.x
      value: 0
      objectReference: {fileID: 0}
    - target: {fileID: 528559090868053448, guid: 2a86e4ba493cd034cbc2c5713da1a643,
        type: 3}
      propertyPath: m_LocalEulerAnglesHint.y
      value: 0
      objectReference: {fileID: 0}
    - target: {fileID: 528559090868053448, guid: 2a86e4ba493cd034cbc2c5713da1a643,
        type: 3}
      propertyPath: m_LocalEulerAnglesHint.z
      value: 0
      objectReference: {fileID: 0}
    m_RemovedComponents: []
  m_SourcePrefab: {fileID: 100100000, guid: 2a86e4ba493cd034cbc2c5713da1a643, type: 3}
--- !u!4 &857232216 stripped
Transform:
  m_CorrespondingSourceObject: {fileID: 528559090868053448, guid: 2a86e4ba493cd034cbc2c5713da1a643,
    type: 3}
  m_PrefabInstance: {fileID: 857232215}
  m_PrefabAsset: {fileID: 0}
--- !u!1 &867749628
GameObject:
  m_ObjectHideFlags: 0
  m_CorrespondingSourceObject: {fileID: 0}
  m_PrefabInstance: {fileID: 0}
  m_PrefabAsset: {fileID: 0}
  serializedVersion: 6
  m_Component:
  - component: {fileID: 867749630}
  - component: {fileID: 867749629}
  m_Layer: 0
  m_Name: Player2
  m_TagString: Untagged
  m_Icon: {fileID: 0}
  m_NavMeshLayer: 0
  m_StaticEditorFlags: 0
  m_IsActive: 0
--- !u!114 &867749629
MonoBehaviour:
  m_ObjectHideFlags: 0
  m_CorrespondingSourceObject: {fileID: 0}
  m_PrefabInstance: {fileID: 0}
  m_PrefabAsset: {fileID: 0}
  m_GameObject: {fileID: 867749628}
  m_Enabled: 1
  m_EditorHideFlags: 0
  m_Script: {fileID: 11500000, guid: db2f485f507a05f4aaaa4c812dbda67f, type: 3}
  m_Name: 
  m_EditorClassIdentifier: 
--- !u!4 &867749630
Transform:
  m_ObjectHideFlags: 0
  m_CorrespondingSourceObject: {fileID: 0}
  m_PrefabInstance: {fileID: 0}
  m_PrefabAsset: {fileID: 0}
  m_GameObject: {fileID: 867749628}
  m_LocalRotation: {x: 0, y: 0, z: 0, w: 1}
  m_LocalPosition: {x: 0, y: 2, z: 0}
  m_LocalScale: {x: 1, y: 1, z: 1}
  m_Children:
  - {fileID: 589958153}
  m_Father: {fileID: 0}
  m_RootOrder: 4
  m_LocalEulerAnglesHint: {x: 0, y: 0, z: 0}
--- !u!1001 &868904968
PrefabInstance:
  m_ObjectHideFlags: 0
  serializedVersion: 2
  m_Modification:
    m_TransformParent: {fileID: 1226456332}
    m_Modifications:
    - target: {fileID: 528559090867763688, guid: 2a86e4ba493cd034cbc2c5713da1a643,
        type: 3}
      propertyPath: m_Name
      value: Basic_Floor_Mesh (6)
      objectReference: {fileID: 0}
    - target: {fileID: 528559090868053448, guid: 2a86e4ba493cd034cbc2c5713da1a643,
        type: 3}
      propertyPath: m_LocalPosition.x
      value: 0
      objectReference: {fileID: 0}
    - target: {fileID: 528559090868053448, guid: 2a86e4ba493cd034cbc2c5713da1a643,
        type: 3}
      propertyPath: m_LocalPosition.y
      value: 0
      objectReference: {fileID: 0}
    - target: {fileID: 528559090868053448, guid: 2a86e4ba493cd034cbc2c5713da1a643,
        type: 3}
      propertyPath: m_LocalPosition.z
      value: -3
      objectReference: {fileID: 0}
    - target: {fileID: 528559090868053448, guid: 2a86e4ba493cd034cbc2c5713da1a643,
        type: 3}
      propertyPath: m_LocalRotation.x
      value: -0
      objectReference: {fileID: 0}
    - target: {fileID: 528559090868053448, guid: 2a86e4ba493cd034cbc2c5713da1a643,
        type: 3}
      propertyPath: m_LocalRotation.y
      value: -0
      objectReference: {fileID: 0}
    - target: {fileID: 528559090868053448, guid: 2a86e4ba493cd034cbc2c5713da1a643,
        type: 3}
      propertyPath: m_LocalRotation.z
      value: -0
      objectReference: {fileID: 0}
    - target: {fileID: 528559090868053448, guid: 2a86e4ba493cd034cbc2c5713da1a643,
        type: 3}
      propertyPath: m_LocalRotation.w
      value: 1
      objectReference: {fileID: 0}
    - target: {fileID: 528559090868053448, guid: 2a86e4ba493cd034cbc2c5713da1a643,
        type: 3}
      propertyPath: m_RootOrder
      value: 6
      objectReference: {fileID: 0}
    - target: {fileID: 528559090868053448, guid: 2a86e4ba493cd034cbc2c5713da1a643,
        type: 3}
      propertyPath: m_LocalEulerAnglesHint.x
      value: 0
      objectReference: {fileID: 0}
    - target: {fileID: 528559090868053448, guid: 2a86e4ba493cd034cbc2c5713da1a643,
        type: 3}
      propertyPath: m_LocalEulerAnglesHint.y
      value: 0
      objectReference: {fileID: 0}
    - target: {fileID: 528559090868053448, guid: 2a86e4ba493cd034cbc2c5713da1a643,
        type: 3}
      propertyPath: m_LocalEulerAnglesHint.z
      value: 0
      objectReference: {fileID: 0}
    m_RemovedComponents: []
  m_SourcePrefab: {fileID: 100100000, guid: 2a86e4ba493cd034cbc2c5713da1a643, type: 3}
--- !u!4 &868904969 stripped
Transform:
  m_CorrespondingSourceObject: {fileID: 528559090868053448, guid: 2a86e4ba493cd034cbc2c5713da1a643,
    type: 3}
  m_PrefabInstance: {fileID: 868904968}
  m_PrefabAsset: {fileID: 0}
--- !u!1001 &874629200
PrefabInstance:
  m_ObjectHideFlags: 0
  serializedVersion: 2
  m_Modification:
    m_TransformParent: {fileID: 1226456332}
    m_Modifications:
    - target: {fileID: 528559090867763688, guid: 2a86e4ba493cd034cbc2c5713da1a643,
        type: 3}
      propertyPath: m_Name
      value: Basic_Floor_Mesh (9)
      objectReference: {fileID: 0}
    - target: {fileID: 528559090868053448, guid: 2a86e4ba493cd034cbc2c5713da1a643,
        type: 3}
      propertyPath: m_LocalPosition.x
      value: -3
      objectReference: {fileID: 0}
    - target: {fileID: 528559090868053448, guid: 2a86e4ba493cd034cbc2c5713da1a643,
        type: 3}
      propertyPath: m_LocalPosition.y
      value: 0
      objectReference: {fileID: 0}
    - target: {fileID: 528559090868053448, guid: 2a86e4ba493cd034cbc2c5713da1a643,
        type: 3}
      propertyPath: m_LocalPosition.z
      value: 0
      objectReference: {fileID: 0}
    - target: {fileID: 528559090868053448, guid: 2a86e4ba493cd034cbc2c5713da1a643,
        type: 3}
      propertyPath: m_LocalRotation.x
      value: -0
      objectReference: {fileID: 0}
    - target: {fileID: 528559090868053448, guid: 2a86e4ba493cd034cbc2c5713da1a643,
        type: 3}
      propertyPath: m_LocalRotation.y
      value: -0
      objectReference: {fileID: 0}
    - target: {fileID: 528559090868053448, guid: 2a86e4ba493cd034cbc2c5713da1a643,
        type: 3}
      propertyPath: m_LocalRotation.z
      value: -0
      objectReference: {fileID: 0}
    - target: {fileID: 528559090868053448, guid: 2a86e4ba493cd034cbc2c5713da1a643,
        type: 3}
      propertyPath: m_LocalRotation.w
      value: 1
      objectReference: {fileID: 0}
    - target: {fileID: 528559090868053448, guid: 2a86e4ba493cd034cbc2c5713da1a643,
        type: 3}
      propertyPath: m_RootOrder
      value: 9
      objectReference: {fileID: 0}
    - target: {fileID: 528559090868053448, guid: 2a86e4ba493cd034cbc2c5713da1a643,
        type: 3}
      propertyPath: m_LocalEulerAnglesHint.x
      value: 0
      objectReference: {fileID: 0}
    - target: {fileID: 528559090868053448, guid: 2a86e4ba493cd034cbc2c5713da1a643,
        type: 3}
      propertyPath: m_LocalEulerAnglesHint.y
      value: 0
      objectReference: {fileID: 0}
    - target: {fileID: 528559090868053448, guid: 2a86e4ba493cd034cbc2c5713da1a643,
        type: 3}
      propertyPath: m_LocalEulerAnglesHint.z
      value: 0
      objectReference: {fileID: 0}
    m_RemovedComponents: []
  m_SourcePrefab: {fileID: 100100000, guid: 2a86e4ba493cd034cbc2c5713da1a643, type: 3}
--- !u!4 &874629201 stripped
Transform:
  m_CorrespondingSourceObject: {fileID: 528559090868053448, guid: 2a86e4ba493cd034cbc2c5713da1a643,
    type: 3}
  m_PrefabInstance: {fileID: 874629200}
  m_PrefabAsset: {fileID: 0}
--- !u!1001 &1002903703
PrefabInstance:
  m_ObjectHideFlags: 0
  serializedVersion: 2
  m_Modification:
    m_TransformParent: {fileID: 1226456332}
    m_Modifications:
    - target: {fileID: 528559090867763688, guid: 2a86e4ba493cd034cbc2c5713da1a643,
        type: 3}
      propertyPath: m_Name
      value: Basic_Floor_Mesh (4)
      objectReference: {fileID: 0}
    - target: {fileID: 528559090868053448, guid: 2a86e4ba493cd034cbc2c5713da1a643,
        type: 3}
      propertyPath: m_LocalPosition.x
      value: 0
      objectReference: {fileID: 0}
    - target: {fileID: 528559090868053448, guid: 2a86e4ba493cd034cbc2c5713da1a643,
        type: 3}
      propertyPath: m_LocalPosition.y
      value: 0
      objectReference: {fileID: 0}
    - target: {fileID: 528559090868053448, guid: 2a86e4ba493cd034cbc2c5713da1a643,
        type: 3}
      propertyPath: m_LocalPosition.z
      value: -6
      objectReference: {fileID: 0}
    - target: {fileID: 528559090868053448, guid: 2a86e4ba493cd034cbc2c5713da1a643,
        type: 3}
      propertyPath: m_LocalRotation.x
      value: -0
      objectReference: {fileID: 0}
    - target: {fileID: 528559090868053448, guid: 2a86e4ba493cd034cbc2c5713da1a643,
        type: 3}
      propertyPath: m_LocalRotation.y
      value: -0
      objectReference: {fileID: 0}
    - target: {fileID: 528559090868053448, guid: 2a86e4ba493cd034cbc2c5713da1a643,
        type: 3}
      propertyPath: m_LocalRotation.z
      value: -0
      objectReference: {fileID: 0}
    - target: {fileID: 528559090868053448, guid: 2a86e4ba493cd034cbc2c5713da1a643,
        type: 3}
      propertyPath: m_LocalRotation.w
      value: 1
      objectReference: {fileID: 0}
    - target: {fileID: 528559090868053448, guid: 2a86e4ba493cd034cbc2c5713da1a643,
        type: 3}
      propertyPath: m_RootOrder
      value: 4
      objectReference: {fileID: 0}
    - target: {fileID: 528559090868053448, guid: 2a86e4ba493cd034cbc2c5713da1a643,
        type: 3}
      propertyPath: m_LocalEulerAnglesHint.x
      value: 0
      objectReference: {fileID: 0}
    - target: {fileID: 528559090868053448, guid: 2a86e4ba493cd034cbc2c5713da1a643,
        type: 3}
      propertyPath: m_LocalEulerAnglesHint.y
      value: 0
      objectReference: {fileID: 0}
    - target: {fileID: 528559090868053448, guid: 2a86e4ba493cd034cbc2c5713da1a643,
        type: 3}
      propertyPath: m_LocalEulerAnglesHint.z
      value: 0
      objectReference: {fileID: 0}
    m_RemovedComponents: []
  m_SourcePrefab: {fileID: 100100000, guid: 2a86e4ba493cd034cbc2c5713da1a643, type: 3}
--- !u!4 &1002903704 stripped
Transform:
  m_CorrespondingSourceObject: {fileID: 528559090868053448, guid: 2a86e4ba493cd034cbc2c5713da1a643,
    type: 3}
  m_PrefabInstance: {fileID: 1002903703}
  m_PrefabAsset: {fileID: 0}
--- !u!1 &1226456331
GameObject:
  m_ObjectHideFlags: 0
  m_CorrespondingSourceObject: {fileID: 0}
  m_PrefabInstance: {fileID: 0}
  m_PrefabAsset: {fileID: 0}
  serializedVersion: 6
  m_Component:
  - component: {fileID: 1226456332}
  m_Layer: 0
  m_Name: Suelo
  m_TagString: Untagged
  m_Icon: {fileID: 0}
  m_NavMeshLayer: 0
  m_StaticEditorFlags: 0
  m_IsActive: 1
--- !u!4 &1226456332
Transform:
  m_ObjectHideFlags: 0
  m_CorrespondingSourceObject: {fileID: 0}
  m_PrefabInstance: {fileID: 0}
  m_PrefabAsset: {fileID: 0}
  m_GameObject: {fileID: 1226456331}
  m_LocalRotation: {x: 0, y: 0, z: 0, w: 1}
  m_LocalPosition: {x: 0, y: 0, z: 0}
  m_LocalScale: {x: 1, y: 1, z: 1}
  m_Children:
  - {fileID: 857232216}
  - {fileID: 1673798474}
  - {fileID: 167880245}
  - {fileID: 1231498142}
  - {fileID: 1002903704}
  - {fileID: 1545919088}
  - {fileID: 868904969}
  - {fileID: 1354622202}
  - {fileID: 243454404}
  - {fileID: 874629201}
  - {fileID: 1659965506}
  - {fileID: 586787492}
  - {fileID: 293116958}
  - {fileID: 1627111686}
  - {fileID: 1973096300}
  - {fileID: 748289043}
  m_Father: {fileID: 0}
  m_RootOrder: 1
  m_LocalEulerAnglesHint: {x: 0, y: 0, z: 0}
--- !u!1001 &1231498141
PrefabInstance:
  m_ObjectHideFlags: 0
  serializedVersion: 2
  m_Modification:
    m_TransformParent: {fileID: 1226456332}
    m_Modifications:
    - target: {fileID: 528559090867763688, guid: 2a86e4ba493cd034cbc2c5713da1a643,
        type: 3}
      propertyPath: m_Name
      value: Basic_Floor_Mesh (3)
      objectReference: {fileID: 0}
    - target: {fileID: 528559090868053448, guid: 2a86e4ba493cd034cbc2c5713da1a643,
        type: 3}
      propertyPath: m_LocalPosition.x
      value: 3
      objectReference: {fileID: 0}
    - target: {fileID: 528559090868053448, guid: 2a86e4ba493cd034cbc2c5713da1a643,
        type: 3}
      propertyPath: m_LocalPosition.y
      value: 0
      objectReference: {fileID: 0}
    - target: {fileID: 528559090868053448, guid: 2a86e4ba493cd034cbc2c5713da1a643,
        type: 3}
      propertyPath: m_LocalPosition.z
      value: 3
      objectReference: {fileID: 0}
    - target: {fileID: 528559090868053448, guid: 2a86e4ba493cd034cbc2c5713da1a643,
        type: 3}
      propertyPath: m_LocalRotation.x
      value: -0
      objectReference: {fileID: 0}
    - target: {fileID: 528559090868053448, guid: 2a86e4ba493cd034cbc2c5713da1a643,
        type: 3}
      propertyPath: m_LocalRotation.y
      value: -0
      objectReference: {fileID: 0}
    - target: {fileID: 528559090868053448, guid: 2a86e4ba493cd034cbc2c5713da1a643,
        type: 3}
      propertyPath: m_LocalRotation.z
      value: -0
      objectReference: {fileID: 0}
    - target: {fileID: 528559090868053448, guid: 2a86e4ba493cd034cbc2c5713da1a643,
        type: 3}
      propertyPath: m_LocalRotation.w
      value: 1
      objectReference: {fileID: 0}
    - target: {fileID: 528559090868053448, guid: 2a86e4ba493cd034cbc2c5713da1a643,
        type: 3}
      propertyPath: m_RootOrder
      value: 3
      objectReference: {fileID: 0}
    - target: {fileID: 528559090868053448, guid: 2a86e4ba493cd034cbc2c5713da1a643,
        type: 3}
      propertyPath: m_LocalEulerAnglesHint.x
      value: 0
      objectReference: {fileID: 0}
    - target: {fileID: 528559090868053448, guid: 2a86e4ba493cd034cbc2c5713da1a643,
        type: 3}
      propertyPath: m_LocalEulerAnglesHint.y
      value: 0
      objectReference: {fileID: 0}
    - target: {fileID: 528559090868053448, guid: 2a86e4ba493cd034cbc2c5713da1a643,
        type: 3}
      propertyPath: m_LocalEulerAnglesHint.z
      value: 0
      objectReference: {fileID: 0}
    m_RemovedComponents: []
  m_SourcePrefab: {fileID: 100100000, guid: 2a86e4ba493cd034cbc2c5713da1a643, type: 3}
--- !u!4 &1231498142 stripped
Transform:
  m_CorrespondingSourceObject: {fileID: 528559090868053448, guid: 2a86e4ba493cd034cbc2c5713da1a643,
    type: 3}
  m_PrefabInstance: {fileID: 1231498141}
  m_PrefabAsset: {fileID: 0}
--- !u!1001 &1354622201
PrefabInstance:
  m_ObjectHideFlags: 0
  serializedVersion: 2
  m_Modification:
    m_TransformParent: {fileID: 1226456332}
    m_Modifications:
    - target: {fileID: 528559090867763688, guid: 2a86e4ba493cd034cbc2c5713da1a643,
        type: 3}
      propertyPath: m_Name
      value: Basic_Floor_Mesh (7)
      objectReference: {fileID: 0}
    - target: {fileID: 528559090868053448, guid: 2a86e4ba493cd034cbc2c5713da1a643,
        type: 3}
      propertyPath: m_LocalPosition.x
      value: 3
      objectReference: {fileID: 0}
    - target: {fileID: 528559090868053448, guid: 2a86e4ba493cd034cbc2c5713da1a643,
        type: 3}
      propertyPath: m_LocalPosition.y
      value: 0
      objectReference: {fileID: 0}
    - target: {fileID: 528559090868053448, guid: 2a86e4ba493cd034cbc2c5713da1a643,
        type: 3}
      propertyPath: m_LocalPosition.z
      value: -3
      objectReference: {fileID: 0}
    - target: {fileID: 528559090868053448, guid: 2a86e4ba493cd034cbc2c5713da1a643,
        type: 3}
      propertyPath: m_LocalRotation.x
      value: -0
      objectReference: {fileID: 0}
    - target: {fileID: 528559090868053448, guid: 2a86e4ba493cd034cbc2c5713da1a643,
        type: 3}
      propertyPath: m_LocalRotation.y
      value: -0
      objectReference: {fileID: 0}
    - target: {fileID: 528559090868053448, guid: 2a86e4ba493cd034cbc2c5713da1a643,
        type: 3}
      propertyPath: m_LocalRotation.z
      value: -0
      objectReference: {fileID: 0}
    - target: {fileID: 528559090868053448, guid: 2a86e4ba493cd034cbc2c5713da1a643,
        type: 3}
      propertyPath: m_LocalRotation.w
      value: 1
      objectReference: {fileID: 0}
    - target: {fileID: 528559090868053448, guid: 2a86e4ba493cd034cbc2c5713da1a643,
        type: 3}
      propertyPath: m_RootOrder
      value: 7
      objectReference: {fileID: 0}
    - target: {fileID: 528559090868053448, guid: 2a86e4ba493cd034cbc2c5713da1a643,
        type: 3}
      propertyPath: m_LocalEulerAnglesHint.x
      value: 0
      objectReference: {fileID: 0}
    - target: {fileID: 528559090868053448, guid: 2a86e4ba493cd034cbc2c5713da1a643,
        type: 3}
      propertyPath: m_LocalEulerAnglesHint.y
      value: 0
      objectReference: {fileID: 0}
    - target: {fileID: 528559090868053448, guid: 2a86e4ba493cd034cbc2c5713da1a643,
        type: 3}
      propertyPath: m_LocalEulerAnglesHint.z
      value: 0
      objectReference: {fileID: 0}
    m_RemovedComponents: []
  m_SourcePrefab: {fileID: 100100000, guid: 2a86e4ba493cd034cbc2c5713da1a643, type: 3}
--- !u!4 &1354622202 stripped
Transform:
  m_CorrespondingSourceObject: {fileID: 528559090868053448, guid: 2a86e4ba493cd034cbc2c5713da1a643,
    type: 3}
  m_PrefabInstance: {fileID: 1354622201}
  m_PrefabAsset: {fileID: 0}
--- !u!1001 &1545919087
PrefabInstance:
  m_ObjectHideFlags: 0
  serializedVersion: 2
  m_Modification:
    m_TransformParent: {fileID: 1226456332}
    m_Modifications:
    - target: {fileID: 528559090867763688, guid: 2a86e4ba493cd034cbc2c5713da1a643,
        type: 3}
      propertyPath: m_Name
      value: Basic_Floor_Mesh (5)
      objectReference: {fileID: 0}
    - target: {fileID: 528559090868053448, guid: 2a86e4ba493cd034cbc2c5713da1a643,
        type: 3}
      propertyPath: m_LocalPosition.x
      value: 3
      objectReference: {fileID: 0}
    - target: {fileID: 528559090868053448, guid: 2a86e4ba493cd034cbc2c5713da1a643,
        type: 3}
      propertyPath: m_LocalPosition.y
      value: 0
      objectReference: {fileID: 0}
    - target: {fileID: 528559090868053448, guid: 2a86e4ba493cd034cbc2c5713da1a643,
        type: 3}
      propertyPath: m_LocalPosition.z
      value: -6
      objectReference: {fileID: 0}
    - target: {fileID: 528559090868053448, guid: 2a86e4ba493cd034cbc2c5713da1a643,
        type: 3}
      propertyPath: m_LocalRotation.x
      value: -0
      objectReference: {fileID: 0}
    - target: {fileID: 528559090868053448, guid: 2a86e4ba493cd034cbc2c5713da1a643,
        type: 3}
      propertyPath: m_LocalRotation.y
      value: -0
      objectReference: {fileID: 0}
    - target: {fileID: 528559090868053448, guid: 2a86e4ba493cd034cbc2c5713da1a643,
        type: 3}
      propertyPath: m_LocalRotation.z
      value: -0
      objectReference: {fileID: 0}
    - target: {fileID: 528559090868053448, guid: 2a86e4ba493cd034cbc2c5713da1a643,
        type: 3}
      propertyPath: m_LocalRotation.w
      value: 1
      objectReference: {fileID: 0}
    - target: {fileID: 528559090868053448, guid: 2a86e4ba493cd034cbc2c5713da1a643,
        type: 3}
      propertyPath: m_RootOrder
      value: 5
      objectReference: {fileID: 0}
    - target: {fileID: 528559090868053448, guid: 2a86e4ba493cd034cbc2c5713da1a643,
        type: 3}
      propertyPath: m_LocalEulerAnglesHint.x
      value: 0
      objectReference: {fileID: 0}
    - target: {fileID: 528559090868053448, guid: 2a86e4ba493cd034cbc2c5713da1a643,
        type: 3}
      propertyPath: m_LocalEulerAnglesHint.y
      value: 0
      objectReference: {fileID: 0}
    - target: {fileID: 528559090868053448, guid: 2a86e4ba493cd034cbc2c5713da1a643,
        type: 3}
      propertyPath: m_LocalEulerAnglesHint.z
      value: 0
      objectReference: {fileID: 0}
    m_RemovedComponents: []
  m_SourcePrefab: {fileID: 100100000, guid: 2a86e4ba493cd034cbc2c5713da1a643, type: 3}
--- !u!4 &1545919088 stripped
Transform:
  m_CorrespondingSourceObject: {fileID: 528559090868053448, guid: 2a86e4ba493cd034cbc2c5713da1a643,
    type: 3}
  m_PrefabInstance: {fileID: 1545919087}
  m_PrefabAsset: {fileID: 0}
--- !u!1001 &1627111685
PrefabInstance:
  m_ObjectHideFlags: 0
  serializedVersion: 2
  m_Modification:
    m_TransformParent: {fileID: 1226456332}
    m_Modifications:
    - target: {fileID: 528559090867763688, guid: 2a86e4ba493cd034cbc2c5713da1a643,
        type: 3}
      propertyPath: m_Name
      value: Basic_Floor_Mesh (13)
      objectReference: {fileID: 0}
    - target: {fileID: 528559090868053448, guid: 2a86e4ba493cd034cbc2c5713da1a643,
        type: 3}
      propertyPath: m_LocalPosition.x
      value: -3
      objectReference: {fileID: 0}
    - target: {fileID: 528559090868053448, guid: 2a86e4ba493cd034cbc2c5713da1a643,
        type: 3}
      propertyPath: m_LocalPosition.y
      value: 0
      objectReference: {fileID: 0}
    - target: {fileID: 528559090868053448, guid: 2a86e4ba493cd034cbc2c5713da1a643,
        type: 3}
      propertyPath: m_LocalPosition.z
      value: -6
      objectReference: {fileID: 0}
    - target: {fileID: 528559090868053448, guid: 2a86e4ba493cd034cbc2c5713da1a643,
        type: 3}
      propertyPath: m_LocalRotation.x
      value: -0
      objectReference: {fileID: 0}
    - target: {fileID: 528559090868053448, guid: 2a86e4ba493cd034cbc2c5713da1a643,
        type: 3}
      propertyPath: m_LocalRotation.y
      value: -0
      objectReference: {fileID: 0}
    - target: {fileID: 528559090868053448, guid: 2a86e4ba493cd034cbc2c5713da1a643,
        type: 3}
      propertyPath: m_LocalRotation.z
      value: -0
      objectReference: {fileID: 0}
    - target: {fileID: 528559090868053448, guid: 2a86e4ba493cd034cbc2c5713da1a643,
        type: 3}
      propertyPath: m_LocalRotation.w
      value: 1
      objectReference: {fileID: 0}
    - target: {fileID: 528559090868053448, guid: 2a86e4ba493cd034cbc2c5713da1a643,
        type: 3}
      propertyPath: m_RootOrder
      value: 13
      objectReference: {fileID: 0}
    - target: {fileID: 528559090868053448, guid: 2a86e4ba493cd034cbc2c5713da1a643,
        type: 3}
      propertyPath: m_LocalEulerAnglesHint.x
      value: 0
      objectReference: {fileID: 0}
    - target: {fileID: 528559090868053448, guid: 2a86e4ba493cd034cbc2c5713da1a643,
        type: 3}
      propertyPath: m_LocalEulerAnglesHint.y
      value: 0
      objectReference: {fileID: 0}
    - target: {fileID: 528559090868053448, guid: 2a86e4ba493cd034cbc2c5713da1a643,
        type: 3}
      propertyPath: m_LocalEulerAnglesHint.z
      value: 0
      objectReference: {fileID: 0}
    m_RemovedComponents: []
  m_SourcePrefab: {fileID: 100100000, guid: 2a86e4ba493cd034cbc2c5713da1a643, type: 3}
--- !u!4 &1627111686 stripped
Transform:
  m_CorrespondingSourceObject: {fileID: 528559090868053448, guid: 2a86e4ba493cd034cbc2c5713da1a643,
    type: 3}
  m_PrefabInstance: {fileID: 1627111685}
  m_PrefabAsset: {fileID: 0}
--- !u!1001 &1659965505
PrefabInstance:
  m_ObjectHideFlags: 0
  serializedVersion: 2
  m_Modification:
    m_TransformParent: {fileID: 1226456332}
    m_Modifications:
    - target: {fileID: 528559090867763688, guid: 2a86e4ba493cd034cbc2c5713da1a643,
        type: 3}
      propertyPath: m_Name
      value: Basic_Floor_Mesh (10)
      objectReference: {fileID: 0}
    - target: {fileID: 528559090868053448, guid: 2a86e4ba493cd034cbc2c5713da1a643,
        type: 3}
      propertyPath: m_LocalPosition.x
      value: -6
      objectReference: {fileID: 0}
    - target: {fileID: 528559090868053448, guid: 2a86e4ba493cd034cbc2c5713da1a643,
        type: 3}
      propertyPath: m_LocalPosition.y
      value: 0
      objectReference: {fileID: 0}
    - target: {fileID: 528559090868053448, guid: 2a86e4ba493cd034cbc2c5713da1a643,
        type: 3}
      propertyPath: m_LocalPosition.z
      value: 3
      objectReference: {fileID: 0}
    - target: {fileID: 528559090868053448, guid: 2a86e4ba493cd034cbc2c5713da1a643,
        type: 3}
      propertyPath: m_LocalRotation.x
      value: -0
      objectReference: {fileID: 0}
    - target: {fileID: 528559090868053448, guid: 2a86e4ba493cd034cbc2c5713da1a643,
        type: 3}
      propertyPath: m_LocalRotation.y
      value: -0
      objectReference: {fileID: 0}
    - target: {fileID: 528559090868053448, guid: 2a86e4ba493cd034cbc2c5713da1a643,
        type: 3}
      propertyPath: m_LocalRotation.z
      value: -0
      objectReference: {fileID: 0}
    - target: {fileID: 528559090868053448, guid: 2a86e4ba493cd034cbc2c5713da1a643,
        type: 3}
      propertyPath: m_LocalRotation.w
      value: 1
      objectReference: {fileID: 0}
    - target: {fileID: 528559090868053448, guid: 2a86e4ba493cd034cbc2c5713da1a643,
        type: 3}
      propertyPath: m_RootOrder
      value: 10
      objectReference: {fileID: 0}
    - target: {fileID: 528559090868053448, guid: 2a86e4ba493cd034cbc2c5713da1a643,
        type: 3}
      propertyPath: m_LocalEulerAnglesHint.x
      value: 0
      objectReference: {fileID: 0}
    - target: {fileID: 528559090868053448, guid: 2a86e4ba493cd034cbc2c5713da1a643,
        type: 3}
      propertyPath: m_LocalEulerAnglesHint.y
      value: 0
      objectReference: {fileID: 0}
    - target: {fileID: 528559090868053448, guid: 2a86e4ba493cd034cbc2c5713da1a643,
        type: 3}
      propertyPath: m_LocalEulerAnglesHint.z
      value: 0
      objectReference: {fileID: 0}
    m_RemovedComponents: []
  m_SourcePrefab: {fileID: 100100000, guid: 2a86e4ba493cd034cbc2c5713da1a643, type: 3}
--- !u!4 &1659965506 stripped
Transform:
  m_CorrespondingSourceObject: {fileID: 528559090868053448, guid: 2a86e4ba493cd034cbc2c5713da1a643,
    type: 3}
  m_PrefabInstance: {fileID: 1659965505}
  m_PrefabAsset: {fileID: 0}
--- !u!1001 &1673798473
PrefabInstance:
  m_ObjectHideFlags: 0
  serializedVersion: 2
  m_Modification:
    m_TransformParent: {fileID: 1226456332}
    m_Modifications:
    - target: {fileID: 528559090867763688, guid: 2a86e4ba493cd034cbc2c5713da1a643,
        type: 3}
      propertyPath: m_Name
      value: Basic_Floor_Mesh (1)
      objectReference: {fileID: 0}
    - target: {fileID: 528559090868053448, guid: 2a86e4ba493cd034cbc2c5713da1a643,
        type: 3}
      propertyPath: m_LocalPosition.x
      value: 3
      objectReference: {fileID: 0}
    - target: {fileID: 528559090868053448, guid: 2a86e4ba493cd034cbc2c5713da1a643,
        type: 3}
      propertyPath: m_LocalPosition.y
      value: 0
      objectReference: {fileID: 0}
    - target: {fileID: 528559090868053448, guid: 2a86e4ba493cd034cbc2c5713da1a643,
        type: 3}
      propertyPath: m_LocalPosition.z
      value: 0
      objectReference: {fileID: 0}
    - target: {fileID: 528559090868053448, guid: 2a86e4ba493cd034cbc2c5713da1a643,
        type: 3}
      propertyPath: m_LocalRotation.x
      value: -0
      objectReference: {fileID: 0}
    - target: {fileID: 528559090868053448, guid: 2a86e4ba493cd034cbc2c5713da1a643,
        type: 3}
      propertyPath: m_LocalRotation.y
      value: -0
      objectReference: {fileID: 0}
    - target: {fileID: 528559090868053448, guid: 2a86e4ba493cd034cbc2c5713da1a643,
        type: 3}
      propertyPath: m_LocalRotation.z
      value: -0
      objectReference: {fileID: 0}
    - target: {fileID: 528559090868053448, guid: 2a86e4ba493cd034cbc2c5713da1a643,
        type: 3}
      propertyPath: m_LocalRotation.w
      value: 1
      objectReference: {fileID: 0}
    - target: {fileID: 528559090868053448, guid: 2a86e4ba493cd034cbc2c5713da1a643,
        type: 3}
      propertyPath: m_RootOrder
      value: 1
      objectReference: {fileID: 0}
    - target: {fileID: 528559090868053448, guid: 2a86e4ba493cd034cbc2c5713da1a643,
        type: 3}
      propertyPath: m_LocalEulerAnglesHint.x
      value: 0
      objectReference: {fileID: 0}
    - target: {fileID: 528559090868053448, guid: 2a86e4ba493cd034cbc2c5713da1a643,
        type: 3}
      propertyPath: m_LocalEulerAnglesHint.y
      value: 0
      objectReference: {fileID: 0}
    - target: {fileID: 528559090868053448, guid: 2a86e4ba493cd034cbc2c5713da1a643,
        type: 3}
      propertyPath: m_LocalEulerAnglesHint.z
      value: 0
      objectReference: {fileID: 0}
    m_RemovedComponents: []
  m_SourcePrefab: {fileID: 100100000, guid: 2a86e4ba493cd034cbc2c5713da1a643, type: 3}
--- !u!4 &1673798474 stripped
Transform:
  m_CorrespondingSourceObject: {fileID: 528559090868053448, guid: 2a86e4ba493cd034cbc2c5713da1a643,
    type: 3}
  m_PrefabInstance: {fileID: 1673798473}
  m_PrefabAsset: {fileID: 0}
--- !u!114 &1732568962
MonoBehaviour:
  m_ObjectHideFlags: 2
  m_CorrespondingSourceObject: {fileID: 0}
  m_PrefabInstance: {fileID: 0}
  m_PrefabAsset: {fileID: 0}
  m_GameObject: {fileID: 7253983128869015484}
  m_Enabled: 1
  m_EditorHideFlags: 0
  m_Script: {fileID: 11500000, guid: c8534e17a0f90604c9afd4f5c73d829f, type: 3}
  m_Name: 
  m_EditorClassIdentifier: 
  m_Id: b7ef103c-6e78-41af-8322-5ac95ed05882
--- !u!81 &1962935314
AudioListener:
  m_ObjectHideFlags: 0
  m_CorrespondingSourceObject: {fileID: 0}
  m_PrefabInstance: {fileID: 0}
  m_PrefabAsset: {fileID: 0}
  m_GameObject: {fileID: 7442781920251670587}
  m_Enabled: 1
--- !u!1001 &1973096299
PrefabInstance:
  m_ObjectHideFlags: 0
  serializedVersion: 2
  m_Modification:
    m_TransformParent: {fileID: 1226456332}
    m_Modifications:
    - target: {fileID: 528559090867763688, guid: 2a86e4ba493cd034cbc2c5713da1a643,
        type: 3}
      propertyPath: m_Name
      value: Basic_Floor_Mesh (14)
      objectReference: {fileID: 0}
    - target: {fileID: 528559090868053448, guid: 2a86e4ba493cd034cbc2c5713da1a643,
        type: 3}
      propertyPath: m_LocalPosition.x
      value: -6
      objectReference: {fileID: 0}
    - target: {fileID: 528559090868053448, guid: 2a86e4ba493cd034cbc2c5713da1a643,
        type: 3}
      propertyPath: m_LocalPosition.y
      value: 0
      objectReference: {fileID: 0}
    - target: {fileID: 528559090868053448, guid: 2a86e4ba493cd034cbc2c5713da1a643,
        type: 3}
      propertyPath: m_LocalPosition.z
      value: -3
      objectReference: {fileID: 0}
    - target: {fileID: 528559090868053448, guid: 2a86e4ba493cd034cbc2c5713da1a643,
        type: 3}
      propertyPath: m_LocalRotation.x
      value: -0
      objectReference: {fileID: 0}
    - target: {fileID: 528559090868053448, guid: 2a86e4ba493cd034cbc2c5713da1a643,
        type: 3}
      propertyPath: m_LocalRotation.y
      value: -0
      objectReference: {fileID: 0}
    - target: {fileID: 528559090868053448, guid: 2a86e4ba493cd034cbc2c5713da1a643,
        type: 3}
      propertyPath: m_LocalRotation.z
      value: -0
      objectReference: {fileID: 0}
    - target: {fileID: 528559090868053448, guid: 2a86e4ba493cd034cbc2c5713da1a643,
        type: 3}
      propertyPath: m_LocalRotation.w
      value: 1
      objectReference: {fileID: 0}
    - target: {fileID: 528559090868053448, guid: 2a86e4ba493cd034cbc2c5713da1a643,
        type: 3}
      propertyPath: m_RootOrder
      value: 14
      objectReference: {fileID: 0}
    - target: {fileID: 528559090868053448, guid: 2a86e4ba493cd034cbc2c5713da1a643,
        type: 3}
      propertyPath: m_LocalEulerAnglesHint.x
      value: 0
      objectReference: {fileID: 0}
    - target: {fileID: 528559090868053448, guid: 2a86e4ba493cd034cbc2c5713da1a643,
        type: 3}
      propertyPath: m_LocalEulerAnglesHint.y
      value: 0
      objectReference: {fileID: 0}
    - target: {fileID: 528559090868053448, guid: 2a86e4ba493cd034cbc2c5713da1a643,
        type: 3}
      propertyPath: m_LocalEulerAnglesHint.z
      value: 0
      objectReference: {fileID: 0}
    m_RemovedComponents: []
  m_SourcePrefab: {fileID: 100100000, guid: 2a86e4ba493cd034cbc2c5713da1a643, type: 3}
--- !u!4 &1973096300 stripped
Transform:
  m_CorrespondingSourceObject: {fileID: 528559090868053448, guid: 2a86e4ba493cd034cbc2c5713da1a643,
    type: 3}
  m_PrefabInstance: {fileID: 1973096299}
  m_PrefabAsset: {fileID: 0}
--- !u!1 &36420568064362257
GameObject:
  m_ObjectHideFlags: 0
  m_CorrespondingSourceObject: {fileID: 0}
  m_PrefabInstance: {fileID: 0}
  m_PrefabAsset: {fileID: 0}
  serializedVersion: 6
  m_Component:
  - component: {fileID: 4354021111777320214}
  m_Layer: 0
  m_Name: DefaultWeaponPosition
  m_TagString: Untagged
  m_Icon: {fileID: 0}
  m_NavMeshLayer: 0
  m_StaticEditorFlags: 0
  m_IsActive: 1
--- !u!114 &298744118078884154
MonoBehaviour:
  m_ObjectHideFlags: 0
  m_CorrespondingSourceObject: {fileID: 0}
  m_PrefabInstance: {fileID: 0}
  m_PrefabAsset: {fileID: 0}
  m_GameObject: {fileID: 7253983128869015484}
  m_Enabled: 1
  m_EditorHideFlags: 0
  m_Script: {fileID: 11500000, guid: c6b4f98e62f1d104f8658bba08e5d56f, type: 3}
  m_Name: 
  m_EditorClassIdentifier: 
  startingWeapons:
  - {fileID: 8323776800172828795, guid: b318fabc73446b746a1005cede0c4ceb, type: 3}
  weaponCamera: {fileID: 2286125970632000419}
  weaponParentSocket: {fileID: 3891163786254875157}
  defaultWeaponPosition: {fileID: 4354021111777320214}
  aimingWeaponPosition: {fileID: 6033319684153229841}
  downWeaponPosition: {fileID: 2050759424309552461}
  bobFrequency: 10
  bobSharpness: 10
  defaultBobAmount: 0.05
  aimingBobAmount: 0.02
  recoilSharpness: 50
  maxRecoilDistance: 0.2
  recoilRestitutionSharpness: 10
  aimingAnimationSpeed: 14
  defaultFOV: 60
  weaponFOVMultiplier: 1
  weaponSwitchDelay: 0.2
  FPSWeaponLayer:
    serializedVersion: 2
    m_Bits: 1024
--- !u!114 &814417837846735550
MonoBehaviour:
  m_ObjectHideFlags: 0
  m_CorrespondingSourceObject: {fileID: 0}
  m_PrefabInstance: {fileID: 0}
  m_PrefabAsset: {fileID: 0}
  m_GameObject: {fileID: 7253983128869015484}
  m_Enabled: 1
  m_EditorHideFlags: 0
  m_Script: {fileID: 11500000, guid: f8e9b849ae2755b428b23edfa9686c79, type: 3}
  m_Name: 
  m_EditorClassIdentifier: 
  playerCamera: {fileID: 8303093099337154749}
  audioSource: {fileID: 1272397862181613877}
  gravityDownForce: 20
  groundCheckLayers:
    serializedVersion: 2
    m_Bits: 1
  groundCheckDistance: 1
  maxSpeedOnGround: 13
  movementSharpnessOnGround: 15
  maxSpeedCrouchedRatio: 0.5
  maxSpeedInAir: 10
  accelerationSpeedInAir: 25
  sprintSpeedModifier: 1.5
  killHeight: -50
  rotationSpeed: 200
  aimingRotationMultiplier: 0.4
  jumpForce: 9
  cameraHeightRatio: 0.8
  capsuleHeightStanding: 1.8
  capsuleHeightCrouching: 0.9
  crouchingSharpness: 15
  footstepSFXFrequency: 0.3
  footstepSFXFrequencyWhileSprinting: 0.2
  footstepSFX: {fileID: 8300000, guid: f404f8d3c2a4b4f48989fb1120e78fb8, type: 3}
  jumpSFX: {fileID: 8300000, guid: 13b59a14d34add64d84a623867546ff1, type: 3}
  landSFX: {fileID: 8300000, guid: d0f1afed8fa916244af6ca73579ded67, type: 3}
  fallDamageSFX: {fileID: 8300000, guid: ef980d09b569380459e609fe90ef1db2, type: 3}
  recievesFallDamage: 1
  minSpeedForFallDamage: 20
  maxSpeedForFallDamage: 40
  fallDamageAtMinSpeed: 10
  fallDamageAtMaxSpeed: 30
--- !u!82 &1272397862181613877
AudioSource:
  m_ObjectHideFlags: 0
  m_CorrespondingSourceObject: {fileID: 0}
  m_PrefabInstance: {fileID: 0}
  m_PrefabAsset: {fileID: 0}
  m_GameObject: {fileID: 7253983128869015484}
  m_Enabled: 1
  serializedVersion: 4
  OutputAudioMixerGroup: {fileID: 243893235630832048, guid: fcc71635aab95ff4fbdf1880bf2afa2f,
    type: 2}
  m_audioClip: {fileID: 0}
  m_PlayOnAwake: 0
  m_Volume: 1
  m_Pitch: 1
  Loop: 0
  Mute: 0
  Spatialize: 0
  SpatializePostEffects: 0
  Priority: 128
  DopplerLevel: 1
  MinDistance: 1
  MaxDistance: 500
  Pan2D: 0
  rolloffMode: 0
  BypassEffects: 0
  BypassListenerEffects: 0
  BypassReverbZones: 0
  rolloffCustomCurve:
    serializedVersion: 2
    m_Curve:
    - serializedVersion: 3
      time: 0
      value: 1
      inSlope: 0
      outSlope: 0
      tangentMode: 0
      weightedMode: 0
      inWeight: 0.33333334
      outWeight: 0.33333334
    - serializedVersion: 3
      time: 1
      value: 0
      inSlope: 0
      outSlope: 0
      tangentMode: 0
      weightedMode: 0
      inWeight: 0.33333334
      outWeight: 0.33333334
    m_PreInfinity: 2
    m_PostInfinity: 2
    m_RotationOrder: 4
  panLevelCustomCurve:
    serializedVersion: 2
    m_Curve:
    - serializedVersion: 3
      time: 0
      value: 0
      inSlope: 0
      outSlope: 0
      tangentMode: 0
      weightedMode: 0
      inWeight: 0.33333334
      outWeight: 0.33333334
    m_PreInfinity: 2
    m_PostInfinity: 2
    m_RotationOrder: 4
  spreadCustomCurve:
    serializedVersion: 2
    m_Curve:
    - serializedVersion: 3
      time: 0
      value: 0
      inSlope: 0
      outSlope: 0
      tangentMode: 0
      weightedMode: 0
      inWeight: 0.33333334
      outWeight: 0.33333334
    m_PreInfinity: 2
    m_PostInfinity: 2
    m_RotationOrder: 4
  reverbZoneMixCustomCurve:
    serializedVersion: 2
    m_Curve:
    - serializedVersion: 3
      time: 0
      value: 1
      inSlope: 0
      outSlope: 0
      tangentMode: 0
      weightedMode: 0
      inWeight: 0.33333334
      outWeight: 0.33333334
    m_PreInfinity: 2
    m_PostInfinity: 2
    m_RotationOrder: 4
--- !u!114 &1360575519554700574
MonoBehaviour:
  m_ObjectHideFlags: 0
  m_CorrespondingSourceObject: {fileID: 0}
  m_PrefabInstance: {fileID: 0}
  m_PrefabAsset: {fileID: 0}
  m_GameObject: {fileID: 7253983128869015484}
  m_Enabled: 1
  m_EditorHideFlags: 0
  m_Script: {fileID: 11500000, guid: e27364eefd6dd0341ba72a3bfc0d9727, type: 3}
  m_Name: 
  m_EditorClassIdentifier: 
  maxHealth: 100
  criticalHealthRatio: 0.3
--- !u!4 &1403933373610011013
Transform:
  m_ObjectHideFlags: 0
  m_CorrespondingSourceObject: {fileID: 0}
  m_PrefabInstance: {fileID: 0}
  m_PrefabAsset: {fileID: 0}
  m_GameObject: {fileID: 5295897400664185741}
  m_LocalRotation: {x: 0.7071068, y: 0, z: 0, w: 0.7071068}
  m_LocalPosition: {x: 0, y: 0.64, z: 0}
  m_LocalScale: {x: 1, y: 1, z: 1}
  m_Children: []
  m_Father: {fileID: 8746678195011629461}
  m_RootOrder: 2
  m_LocalEulerAnglesHint: {x: 90, y: 0, z: 0}
--- !u!1 &1643745103156886535
GameObject:
  m_ObjectHideFlags: 0
  m_CorrespondingSourceObject: {fileID: 0}
  m_PrefabInstance: {fileID: 0}
  m_PrefabAsset: {fileID: 0}
  serializedVersion: 6
  m_Component:
  - component: {fileID: 3625601171194115198}
  m_Layer: 0
  m_Name: AimPoint
  m_TagString: Untagged
  m_Icon: {fileID: 0}
  m_NavMeshLayer: 0
  m_StaticEditorFlags: 0
  m_IsActive: 1
--- !u!4 &2050759424309552461
Transform:
  m_ObjectHideFlags: 0
  m_CorrespondingSourceObject: {fileID: 0}
  m_PrefabInstance: {fileID: 0}
  m_PrefabAsset: {fileID: 0}
  m_GameObject: {fileID: 7383874628626202081}
  m_LocalRotation: {x: -0, y: -0, z: -0, w: 1}
  m_LocalPosition: {x: 0.24, y: -1.296, z: 0.231}
  m_LocalScale: {x: 1, y: 1, z: 1}
  m_Children: []
  m_Father: {fileID: 3361326784074784049}
  m_RootOrder: 2
  m_LocalEulerAnglesHint: {x: 0, y: 0, z: 0}
--- !u!20 &2286125970632000419
Camera:
  m_ObjectHideFlags: 0
  m_CorrespondingSourceObject: {fileID: 0}
  m_PrefabInstance: {fileID: 0}
  m_PrefabAsset: {fileID: 0}
  m_GameObject: {fileID: 2703355618207623447}
  m_Enabled: 1
  serializedVersion: 2
  m_ClearFlags: 3
  m_BackGroundColor: {r: 0.19215687, g: 0.3019608, b: 0.4745098, a: 0}
  m_projectionMatrixMode: 1
  m_SensorSize: {x: 36, y: 24}
  m_LensShift: {x: 0, y: 0}
  m_GateFitMode: 2
  m_FocalLength: 50
  m_NormalizedViewPortRect:
    serializedVersion: 2
    x: 0
    y: 0
    width: 1
    height: 1
  near clip plane: 0.1
  far clip plane: 10
  field of view: 60
  orthographic: 0
  orthographic size: 5
  m_Depth: 0
  m_CullingMask:
    serializedVersion: 2
    m_Bits: 1024
  m_RenderingPath: -1
  m_TargetTexture: {fileID: 0}
  m_TargetDisplay: 0
  m_TargetEye: 3
  m_HDR: 1
  m_AllowMSAA: 0
  m_AllowDynamicResolution: 0
  m_ForceIntoRT: 1
  m_OcclusionCulling: 0
  m_StereoConvergence: 10
  m_StereoSeparation: 0.022
--- !u!1 &2703355618207623447
GameObject:
  m_ObjectHideFlags: 0
  m_CorrespondingSourceObject: {fileID: 0}
  m_PrefabInstance: {fileID: 0}
  m_PrefabAsset: {fileID: 0}
  serializedVersion: 6
  m_Component:
  - component: {fileID: 3809839390407110862}
  - component: {fileID: 2286125970632000419}
  m_Layer: 0
  m_Name: WeaponCamera
  m_TagString: Untagged
  m_Icon: {fileID: 0}
  m_NavMeshLayer: 0
  m_StaticEditorFlags: 0
  m_IsActive: 1
--- !u!143 &3122855502138668498
CharacterController:
  m_ObjectHideFlags: 0
  m_CorrespondingSourceObject: {fileID: 0}
  m_PrefabInstance: {fileID: 0}
  m_PrefabAsset: {fileID: 0}
  m_GameObject: {fileID: 7253983128869015484}
  m_Material: {fileID: 0}
  m_IsTrigger: 0
  m_Enabled: 1
  serializedVersion: 2
  m_Height: 1.8
  m_Radius: 0.35
  m_SlopeLimit: 45
  m_StepOffset: 0.3
  m_SkinWidth: 0.001
  m_MinMoveDistance: 0
  m_Center: {x: 0, y: 1, z: 0}
--- !u!4 &3361326784074784049
Transform:
  m_ObjectHideFlags: 0
  m_CorrespondingSourceObject: {fileID: 0}
  m_PrefabInstance: {fileID: 0}
  m_PrefabAsset: {fileID: 0}
  m_GameObject: {fileID: 6717119211004725306}
  m_LocalRotation: {x: 0, y: 0, z: 0, w: 1}
  m_LocalPosition: {x: 0, y: 0, z: 0}
  m_LocalScale: {x: 1, y: 1, z: 1}
  m_Children:
  - {fileID: 4354021111777320214}
  - {fileID: 6033319684153229841}
  - {fileID: 2050759424309552461}
  - {fileID: 3891163786254875157}
  m_Father: {fileID: 8694137560115865927}
  m_RootOrder: 1
  m_LocalEulerAnglesHint: {x: 0, y: 0, z: 0}
--- !u!4 &3625601171194115198
Transform:
  m_ObjectHideFlags: 0
  m_CorrespondingSourceObject: {fileID: 0}
  m_PrefabInstance: {fileID: 0}
  m_PrefabAsset: {fileID: 0}
  m_GameObject: {fileID: 1643745103156886535}
  m_LocalRotation: {x: 0, y: 0, z: 0, w: 1}
  m_LocalPosition: {x: 0, y: 1.09, z: 0}
  m_LocalScale: {x: 1, y: 1, z: 1}
  m_Children: []
  m_Father: {fileID: 8746678195011629461}
  m_RootOrder: 1
  m_LocalEulerAnglesHint: {x: 0, y: 0, z: 0}
--- !u!4 &3809839390407110862
Transform:
  m_ObjectHideFlags: 0
  m_CorrespondingSourceObject: {fileID: 0}
  m_PrefabInstance: {fileID: 0}
  m_PrefabAsset: {fileID: 0}
  m_GameObject: {fileID: 2703355618207623447}
  m_LocalRotation: {x: 0, y: 0, z: 0, w: 1}
  m_LocalPosition: {x: 0, y: 0, z: 0}
  m_LocalScale: {x: 1, y: 1, z: 1}
  m_Children: []
  m_Father: {fileID: 8694137560115865927}
  m_RootOrder: 0
  m_LocalEulerAnglesHint: {x: 0, y: 0, z: 0}
--- !u!4 &3891163786254875157
Transform:
  m_ObjectHideFlags: 0
  m_CorrespondingSourceObject: {fileID: 0}
  m_PrefabInstance: {fileID: 0}
  m_PrefabAsset: {fileID: 0}
  m_GameObject: {fileID: 7247205724727944678}
  m_LocalRotation: {x: -0, y: -0, z: -0, w: 1}
  m_LocalPosition: {x: 0.6, y: -0.46500003, z: 0.073}
  m_LocalScale: {x: 1, y: 1, z: 1}
  m_Children: []
  m_Father: {fileID: 3361326784074784049}
  m_RootOrder: 3
  m_LocalEulerAnglesHint: {x: 0, y: 0, z: 0}
--- !u!114 &4205022971517382430
MonoBehaviour:
  m_ObjectHideFlags: 0
  m_CorrespondingSourceObject: {fileID: 0}
  m_PrefabInstance: {fileID: 0}
  m_PrefabAsset: {fileID: 0}
  m_GameObject: {fileID: 7253983128869015484}
  m_Enabled: 1
  m_EditorHideFlags: 0
  m_Script: {fileID: 11500000, guid: f9b0ce1bb69c96b49a7ac1098a7f5796, type: 3}
  m_Name: 
  m_EditorClassIdentifier: 
  damageMultiplier: 1
  sensibilityToSelfdamage: 0.25
--- !u!4 &4354021111777320214
Transform:
  m_ObjectHideFlags: 0
  m_CorrespondingSourceObject: {fileID: 0}
  m_PrefabInstance: {fileID: 0}
  m_PrefabAsset: {fileID: 0}
  m_GameObject: {fileID: 36420568064362257}
  m_LocalRotation: {x: -0, y: -0, z: -0, w: 1}
  m_LocalPosition: {x: 0.264, y: -0.347, z: 0.465}
  m_LocalScale: {x: 1, y: 1, z: 1}
  m_Children: []
  m_Father: {fileID: 3361326784074784049}
  m_RootOrder: 0
  m_LocalEulerAnglesHint: {x: 0, y: 0, z: 0}
--- !u!1 &5295897400664185741
GameObject:
  m_ObjectHideFlags: 0
  m_CorrespondingSourceObject: {fileID: 0}
  m_PrefabInstance: {fileID: 0}
  m_PrefabAsset: {fileID: 0}
  serializedVersion: 6
  m_Component:
  - component: {fileID: 1403933373610011013}
  - component: {fileID: 6820428172837030724}
  m_Layer: 0
  m_Name: ShadowProjector
  m_TagString: Untagged
  m_Icon: {fileID: 0}
  m_NavMeshLayer: 0
  m_StaticEditorFlags: 0
  m_IsActive: 1
--- !u!1001 &5521791757284845723
PrefabInstance:
  m_ObjectHideFlags: 0
  serializedVersion: 2
  m_Modification:
    m_TransformParent: {fileID: 0}
    m_Modifications:
    - target: {fileID: 4054779458421095145, guid: fd3b1c3ebc2e2f24aa845beba97eb4f9,
        type: 3}
      propertyPath: m_Name
      value: DogRagDoll
      objectReference: {fileID: 0}
    - target: {fileID: 4054779458420926153, guid: fd3b1c3ebc2e2f24aa845beba97eb4f9,
        type: 3}
      propertyPath: m_LocalPosition.x
      value: 1.666
      objectReference: {fileID: 0}
    - target: {fileID: 4054779458420926153, guid: fd3b1c3ebc2e2f24aa845beba97eb4f9,
        type: 3}
      propertyPath: m_LocalPosition.y
      value: 0.506
      objectReference: {fileID: 0}
    - target: {fileID: 4054779458420926153, guid: fd3b1c3ebc2e2f24aa845beba97eb4f9,
        type: 3}
      propertyPath: m_LocalPosition.z
      value: 2.339
      objectReference: {fileID: 0}
    - target: {fileID: 4054779458420926153, guid: fd3b1c3ebc2e2f24aa845beba97eb4f9,
        type: 3}
      propertyPath: m_LocalRotation.x
      value: 0
      objectReference: {fileID: 0}
    - target: {fileID: 4054779458420926153, guid: fd3b1c3ebc2e2f24aa845beba97eb4f9,
        type: 3}
      propertyPath: m_LocalRotation.y
      value: -0.7071068
      objectReference: {fileID: 0}
    - target: {fileID: 4054779458420926153, guid: fd3b1c3ebc2e2f24aa845beba97eb4f9,
        type: 3}
      propertyPath: m_LocalRotation.z
      value: 0
      objectReference: {fileID: 0}
    - target: {fileID: 4054779458420926153, guid: fd3b1c3ebc2e2f24aa845beba97eb4f9,
        type: 3}
      propertyPath: m_LocalRotation.w
      value: 0.7071068
      objectReference: {fileID: 0}
    - target: {fileID: 4054779458420926153, guid: fd3b1c3ebc2e2f24aa845beba97eb4f9,
        type: 3}
      propertyPath: m_RootOrder
      value: 5
      objectReference: {fileID: 0}
    - target: {fileID: 4054779458420926153, guid: fd3b1c3ebc2e2f24aa845beba97eb4f9,
        type: 3}
      propertyPath: m_LocalEulerAnglesHint.x
      value: 0
      objectReference: {fileID: 0}
    - target: {fileID: 4054779458420926153, guid: fd3b1c3ebc2e2f24aa845beba97eb4f9,
        type: 3}
      propertyPath: m_LocalEulerAnglesHint.y
      value: -90
      objectReference: {fileID: 0}
    - target: {fileID: 4054779458420926153, guid: fd3b1c3ebc2e2f24aa845beba97eb4f9,
        type: 3}
      propertyPath: m_LocalEulerAnglesHint.z
      value: 0
      objectReference: {fileID: 0}
    m_RemovedComponents: []
  m_SourcePrefab: {fileID: 100100000, guid: fd3b1c3ebc2e2f24aa845beba97eb4f9, type: 3}
--- !u!4 &6033319684153229841
Transform:
  m_ObjectHideFlags: 0
  m_CorrespondingSourceObject: {fileID: 0}
  m_PrefabInstance: {fileID: 0}
  m_PrefabAsset: {fileID: 0}
  m_GameObject: {fileID: 7126704373537881593}
  m_LocalRotation: {x: -0, y: -0, z: -0, w: 1}
  m_LocalPosition: {x: 0, y: -0.347, z: 0.465}
  m_LocalScale: {x: 1, y: 1, z: 1}
  m_Children: []
  m_Father: {fileID: 3361326784074784049}
  m_RootOrder: 1
  m_LocalEulerAnglesHint: {x: 0, y: 0, z: 0}
--- !u!114 &6145509692158630807
MonoBehaviour:
  m_ObjectHideFlags: 0
  m_CorrespondingSourceObject: {fileID: 0}
  m_PrefabInstance: {fileID: 0}
  m_PrefabAsset: {fileID: 0}
  m_GameObject: {fileID: 7253983128869015484}
  m_Enabled: 1
  m_EditorHideFlags: 0
  m_Script: {fileID: 11500000, guid: dac5ddb3ce9b8884ca9588dc620ffcab, type: 3}
  m_Name: 
  m_EditorClassIdentifier: 
  lookSensitivity: 1
  webglLookSensitivityMultiplier: 0.25
  triggerAxisThreshold: 0.4
  invertYAxis: 0
  invertXAxis: 0
--- !u!114 &6268538118607645865
MonoBehaviour:
  m_ObjectHideFlags: 0
  m_CorrespondingSourceObject: {fileID: 0}
  m_PrefabInstance: {fileID: 0}
  m_PrefabAsset: {fileID: 0}
  m_GameObject: {fileID: 7253983128869015484}
  m_Enabled: 1
  m_EditorHideFlags: 0
  m_Script: {fileID: 11500000, guid: 81b4c4e7c5d6cd34bb04cb46517b4e23, type: 3}
  m_Name: 
  m_EditorClassIdentifier: 
  affiliation: 1
  aimPoint: {fileID: 3625601171194115198}
--- !u!1 &6717119211004725306
GameObject:
  m_ObjectHideFlags: 0
  m_CorrespondingSourceObject: {fileID: 0}
  m_PrefabInstance: {fileID: 0}
  m_PrefabAsset: {fileID: 0}
  serializedVersion: 6
  m_Component:
  - component: {fileID: 3361326784074784049}
  m_Layer: 0
  m_Name: FirstPersonSocket
  m_TagString: Untagged
  m_Icon: {fileID: 0}
  m_NavMeshLayer: 0
  m_StaticEditorFlags: 0
  m_IsActive: 1
--- !u!119 &6820428172837030724
Projector:
  m_ObjectHideFlags: 0
  m_CorrespondingSourceObject: {fileID: 0}
  m_PrefabInstance: {fileID: 0}
  m_PrefabAsset: {fileID: 0}
  m_GameObject: {fileID: 5295897400664185741}
  m_Enabled: 1
  serializedVersion: 2
  m_NearClipPlane: 0.1
  m_FarClipPlane: 2.5
  m_FieldOfView: 60
  m_AspectRatio: 1
  m_Orthographic: 1
  m_OrthographicSize: 0.7
  m_Material: {fileID: 2100000, guid: 700c8e4508ea3b34999c1917db3d4424, type: 2}
  m_IgnoreLayers:
    serializedVersion: 2
    m_Bits: 512
--- !u!1 &7126704373537881593
GameObject:
  m_ObjectHideFlags: 0
  m_CorrespondingSourceObject: {fileID: 0}
  m_PrefabInstance: {fileID: 0}
  m_PrefabAsset: {fileID: 0}
  serializedVersion: 6
  m_Component:
  - component: {fileID: 6033319684153229841}
  m_Layer: 0
  m_Name: AimingWeaponPosition
  m_TagString: Untagged
  m_Icon: {fileID: 0}
  m_NavMeshLayer: 0
  m_StaticEditorFlags: 0
  m_IsActive: 1
--- !u!1 &7247205724727944678
GameObject:
  m_ObjectHideFlags: 0
  m_CorrespondingSourceObject: {fileID: 0}
  m_PrefabInstance: {fileID: 0}
  m_PrefabAsset: {fileID: 0}
  serializedVersion: 6
  m_Component:
  - component: {fileID: 3891163786254875157}
  m_Layer: 0
  m_Name: WeaponParentSocket
  m_TagString: Untagged
  m_Icon: {fileID: 7148428337604731935, guid: 0000000000000000d000000000000000, type: 0}
  m_NavMeshLayer: 0
  m_StaticEditorFlags: 0
  m_IsActive: 1
--- !u!1 &7253983128869015484
GameObject:
  m_ObjectHideFlags: 0
  m_CorrespondingSourceObject: {fileID: 0}
  m_PrefabInstance: {fileID: 0}
  m_PrefabAsset: {fileID: 0}
  serializedVersion: 6
  m_Component:
  - component: {fileID: 8746678195011629461}
  - component: {fileID: 6145509692158630807}
  - component: {fileID: 814417837846735550}
  - component: {fileID: 1360575519554700574}
  - component: {fileID: 298744118078884154}
  - component: {fileID: 3122855502138668498}
  - component: {fileID: 6268538118607645865}
  - component: {fileID: 4205022971517382430}
  - component: {fileID: 1272397862181613877}
  - component: {fileID: 72297151}
  - component: {fileID: 1732568962}
  m_Layer: 0
  m_Name: Player
  m_TagString: Untagged
  m_Icon: {fileID: 419385456094870383, guid: 0000000000000000d000000000000000, type: 0}
  m_NavMeshLayer: 0
  m_StaticEditorFlags: 0
  m_IsActive: 1
--- !u!1 &7383874628626202081
GameObject:
  m_ObjectHideFlags: 0
  m_CorrespondingSourceObject: {fileID: 0}
  m_PrefabInstance: {fileID: 0}
  m_PrefabAsset: {fileID: 0}
  serializedVersion: 6
  m_Component:
  - component: {fileID: 2050759424309552461}
  m_Layer: 0
  m_Name: DownWeaponPosition
  m_TagString: Untagged
  m_Icon: {fileID: 0}
  m_NavMeshLayer: 0
  m_StaticEditorFlags: 0
  m_IsActive: 1
--- !u!1 &7442781920251670587
GameObject:
  m_ObjectHideFlags: 0
  m_CorrespondingSourceObject: {fileID: 0}
  m_PrefabInstance: {fileID: 0}
  m_PrefabAsset: {fileID: 0}
  serializedVersion: 6
  m_Component:
  - component: {fileID: 8694137560115865927}
  - component: {fileID: 8303093099337154749}
  - component: {fileID: 1962935314}
  m_Layer: 0
  m_Name: Main Camera
  m_TagString: MainCamera
  m_Icon: {fileID: 0}
  m_NavMeshLayer: 0
  m_StaticEditorFlags: 0
  m_IsActive: 1
--- !u!20 &8303093099337154749
Camera:
  m_ObjectHideFlags: 0
  m_CorrespondingSourceObject: {fileID: 0}
  m_PrefabInstance: {fileID: 0}
  m_PrefabAsset: {fileID: 0}
  m_GameObject: {fileID: 7442781920251670587}
  m_Enabled: 1
  serializedVersion: 2
  m_ClearFlags: 1
  m_BackGroundColor: {r: 0.19215687, g: 0.3019608, b: 0.4745098, a: 0}
  m_projectionMatrixMode: 1
  m_SensorSize: {x: 36, y: 24}
  m_LensShift: {x: 0, y: 0}
  m_GateFitMode: 2
  m_FocalLength: 50
  m_NormalizedViewPortRect:
    serializedVersion: 2
    x: 0
    y: 0
    width: 1
    height: 1
  near clip plane: 0.1
  far clip plane: 300
  field of view: 60
  orthographic: 0
  orthographic size: 5
  m_Depth: -1
  m_CullingMask:
    serializedVersion: 2
    m_Bits: 2871
  m_RenderingPath: -1
  m_TargetTexture: {fileID: 0}
  m_TargetDisplay: 0
  m_TargetEye: 3
  m_HDR: 1
  m_AllowMSAA: 0
  m_AllowDynamicResolution: 0
  m_ForceIntoRT: 1
  m_OcclusionCulling: 1
  m_StereoConvergence: 10
  m_StereoSeparation: 0.022
--- !u!4 &8694137560115865927
Transform:
  m_ObjectHideFlags: 0
  m_CorrespondingSourceObject: {fileID: 0}
  m_PrefabInstance: {fileID: 0}
  m_PrefabAsset: {fileID: 0}
  m_GameObject: {fileID: 7442781920251670587}
  m_LocalRotation: {x: 0, y: 0, z: 0, w: 1}
  m_LocalPosition: {x: 0, y: 1.5, z: 0}
  m_LocalScale: {x: 1, y: 1, z: 1}
  m_Children:
  - {fileID: 3809839390407110862}
  - {fileID: 3361326784074784049}
  m_Father: {fileID: 8746678195011629461}
  m_RootOrder: 0
  m_LocalEulerAnglesHint: {x: 0, y: 0, z: 0}
--- !u!4 &8746678195011629461
Transform:
  m_ObjectHideFlags: 0
  m_CorrespondingSourceObject: {fileID: 0}
  m_PrefabInstance: {fileID: 0}
  m_PrefabAsset: {fileID: 0}
  m_GameObject: {fileID: 7253983128869015484}
  m_LocalRotation: {x: -0, y: -0.6158122, z: -0, w: -0.78789306}
  m_LocalPosition: {x: -2, y: 2.75, z: -0.65}
  m_LocalScale: {x: 1, y: 1, z: 1}
  m_Children:
  - {fileID: 8694137560115865927}
  - {fileID: 3625601171194115198}
  - {fileID: 1403933373610011013}
  m_Father: {fileID: 0}
  m_RootOrder: 3
  m_LocalEulerAnglesHint: {x: 0, y: 436.022, z: 0}
--- !u!1001 &8952227333024098463
PrefabInstance:
  m_ObjectHideFlags: 0
  serializedVersion: 2
  m_Modification:
    m_TransformParent: {fileID: 0}
    m_Modifications:
    - target: {fileID: 8952227332674898883, guid: 50d39693bcb051542be8f795be35e8b0,
        type: 3}
      propertyPath: m_Name
      value: LichRagDoll
      objectReference: {fileID: 0}
    - target: {fileID: 8952227332675262371, guid: 50d39693bcb051542be8f795be35e8b0,
        type: 3}
      propertyPath: m_LocalPosition.x
      value: 2.1
      objectReference: {fileID: 0}
    - target: {fileID: 8952227332675262371, guid: 50d39693bcb051542be8f795be35e8b0,
        type: 3}
      propertyPath: m_LocalPosition.y
      value: 0.57
      objectReference: {fileID: 0}
    - target: {fileID: 8952227332675262371, guid: 50d39693bcb051542be8f795be35e8b0,
        type: 3}
      propertyPath: m_LocalPosition.z
      value: -0.781
      objectReference: {fileID: 0}
    - target: {fileID: 8952227332675262371, guid: 50d39693bcb051542be8f795be35e8b0,
        type: 3}
      propertyPath: m_LocalRotation.x
      value: 0
      objectReference: {fileID: 0}
    - target: {fileID: 8952227332675262371, guid: 50d39693bcb051542be8f795be35e8b0,
        type: 3}
      propertyPath: m_LocalRotation.y
      value: -0.7071068
      objectReference: {fileID: 0}
    - target: {fileID: 8952227332675262371, guid: 50d39693bcb051542be8f795be35e8b0,
        type: 3}
      propertyPath: m_LocalRotation.z
      value: 0
      objectReference: {fileID: 0}
    - target: {fileID: 8952227332675262371, guid: 50d39693bcb051542be8f795be35e8b0,
        type: 3}
      propertyPath: m_LocalRotation.w
      value: 0.7071068
      objectReference: {fileID: 0}
    - target: {fileID: 8952227332675262371, guid: 50d39693bcb051542be8f795be35e8b0,
        type: 3}
      propertyPath: m_RootOrder
      value: 6
      objectReference: {fileID: 0}
    - target: {fileID: 8952227332675262371, guid: 50d39693bcb051542be8f795be35e8b0,
        type: 3}
      propertyPath: m_LocalEulerAnglesHint.x
      value: 0
      objectReference: {fileID: 0}
    - target: {fileID: 8952227332675262371, guid: 50d39693bcb051542be8f795be35e8b0,
        type: 3}
      propertyPath: m_LocalEulerAnglesHint.y
      value: -90
      objectReference: {fileID: 0}
    - target: {fileID: 8952227332675262371, guid: 50d39693bcb051542be8f795be35e8b0,
        type: 3}
      propertyPath: m_LocalEulerAnglesHint.z
      value: 0
      objectReference: {fileID: 0}
    m_RemovedComponents: []
  m_SourcePrefab: {fileID: 100100000, guid: 50d39693bcb051542be8f795be35e8b0, type: 3}
